2459 4267
83 347 154 397 ac.
172 350 210 397 ro
318 349 390 398 nra.
416 351 453 398 11.
503 350 583 400 csr.
609 330 755 403 8.-ll.
905 328 955 402 75

80 504 272 578 permissum
286 522 508 581 progressusque
521 509 661 566 salutatur
673 509 711 565 ab
724 508 877 568 Arminio.
896 510 957 584 qui,

79 604 184 660 amotis
206 604 404 675 stipatoribus,
423 610 455 662 ut
474 603 630 690 sugltturii
643 612 805 683 murnpro
824 605 956 683 ripade

75 698 170 778 periti,
199 701 386 768 odsoedereat,
412 707 557 778 postulem
594 712 627 763 et
652 709 802 781 postquam
823 701 957 780 digressi,

79 799 156 857 sarde
171 815 209 858 es
234 800 397 880 dq'enuitna
420 802 504 861 oris?
523 806 682 878 interroget
703 804 830 862 tratrem.
846 805 956 863 illoto·

79 913 144 957 enm
157 906 190 958 et
213 902 359 974 proelium
379 902 523 960 referente
536 922 545 959 r
565 900 705 980 pendamus
713 901 872 980 prendunt
885 919 956 960 reee-

75 996 186 1075 pr'sset?
205 999 344 1075 exquirit.
387 1000 510 1059 illarius
524 1008 609 1059 nudo
630 999 780 1078 stipendia,
792 1008 917 1078 torquem
930 1007 958 1059 et
1034 1043 1047 1074 ,

80 1113 213 1155 meamus
241 1096 353 1175 allow
372 1096 511 1157 snum
538 1098 612 1157 hau
632 1106 790 1171 memorum
809 1101 958 1159 inridente
1013 1143 1025 1160 .

81 1197 224 1255 anuinio
251 1197 323 1254 vltis
344 1197 460 1256 servitii
476 1198 584 1272 'pretia
626 1199 707 1258 Exin
720 1199 830 1257 diversi
843 1200 957 1257 ordiun-
971 1195 1010 1254 10

81 1300 144 1353 tur:
164 1297 219 1354 trie
247 1297 499 1372 'magnitudinem
521 1298 696 1366 itomanam,
717 1314 788 1372 opes
811 1298 957 1362 caessris.

81 1397 129 1453 ‘et
157 1396 253 1454 vietis
274 1393 529 1470 gmestpoenasq
562 1396 595 1454 iu
615 1395 795 1454 deditionem
823 1396 956 1454 venienti

80 1500 236 1568 ‘paratam
248 1496 456 1565 elementiam
476 1513 571 1570 neque
584 1495 740 1570 coniugem
751 1500 782 1552 et
791 1494 883 1552 ilium
893 1496 956 1553 eius

80 1594 250 1651 ‘hostiliter
260 1594 360 1651 haberi
369 1592 388 1650 τ’
400 1594 453 1652 ilie
461 1593 521 1651 ‘tas
532 1594 655 1669 patriae,
663 1594 958 1663 libertatemavitam,

81 1691 265 1769 ‘penetratis
279 1692 458 1751 Germaniae
472 1694 553 1762 deos,
564 1695 689 1752 lustrem
698 1709 815 1768 preuum
829 1691 957 1763 sociam,

81 1797 140 1850 ‘ne
153 1791 385 1866 propinquemus
406 1798 437 1850 et
456 1791 604 1862 adfinium,
618 1791 745 1868 denique
768 1791 865 1867 gentis
887 1807 958 1849 suso

82 1892 241 1950 ‘desertor
259 1896 293 1949 et
313 1892 441 1966 proditor
460 1909 546 1967 quam
571 1893 733 1966 Imperator
752 1909 818 1949 esse
838 1889 958 1949 mallet’

21 2031 23 2040 .
82 1990 247 2050 Paullatim
260 1990 329 2048 iuda
342 1992 379 2049 ad
390 1991 483 2066 iurgia
504 1992 639 2065 prolapsi,
652 2005 710 2066 quo
723 1991 819 2048 minus
832 1987 959 2063 pugnam

82 2095 286 2158 emserment,
299 2107 337 2147 ue
350 2090 470 2147 flumine
484 2090 599 2165 quidem
614 2089 770 2148 interiento
783 2087 959 2146 collibeban·

83 2193 139 2257 tur,
158 2189 192 2246 ni
208 2188 367 2247 Stertinius
386 2190 551 2258 adcurrens,
575 2191 696 2262 pienum
715 2183 786 2253 irae,
806 2192 959 2259 ‘armaque

83 2293 137 2345 ‘et
148 2275 267 2364 equum’
288 2293 459 2362 ponoentem
474 2289 612 2346 Flavium
635 2286 809 2345 attinuisset.
823 2287 960 2342 nemetia-

83 2390 131 2445 tur
144 2392 252 2445 eontra
275 2388 491 2445 minitabundus
505 2387 677 2454 ,Arminium
700 2384 899 2460 proeliumque
911 2383 960 2441 ne.

84 2487 237 2545 nuntians.
252 2504 321 2544 nam
334 2489 470 2561 pleraque
483 2485 592 2544 Latino
605 2501 738 2543 sermone
748 2483 960 2551 interiaeiebat,

83 2592 115 2645 ut
128 2586 181 2663 qui
204 2587 347 2643 Romanis
367 2585 399 2643 in
412 2586 515 2642 nastris
528 2587 632 2642 duntur
650 2585 830 2659 popularium
845 2582 960 2641 mernis-

84 2694 140 2745 set.
182 2687 308 2744 Postero
325 2686 374 2743 die
397 2685 609 2750 Germnuomm
623 2684 703 2742 aeie‘s
718 2691 796 2742 trans
811 2670 1008 2759 Visurgim¹¹

84 2786 178 2844 stetit.
222 2785 342 2851 Caesar,
356 2784 412 2843 uini
430 2785 566 2858 pontibus
581 2783 788 2858 praesidiisque
803 2783 962 2857 impositis,

85 2886 156 2943 dare
169 2884 205 2942 in
216 2885 373 2942 discrimen
388 2884 519 2957 legiones
540 2884 618 2940 haud
644 2882 861 2955 imperatorium
875 2888 962 2950 ratus,

88 2983 224 3059 equitem
245 2985 326 3040 vado
351 2983 496 3041 tramittit.
524 2983 673 3056 praefuere
692 2981 858 3049 Stertinius,
888 2985 920 3037 et
946 2998 964 3036 e

88 3100 216 3140 numero
242 3081 462 3155 primipilarium
500 3081 654 3149 Aemilius,
682 3076 862 3139 distantium
891 3076 966 3134 loeis

84 3181 213 3252 inventi,
225 3185 260 3238 ut
271 3183 384 3238 hostem
397 3181 580 3237 diducerent.
602 3181 668 3253 Qua
679 3178 847 3237 celerrimus
859 3175 966 3242 amnis,

88 3247 282 3347 Carinialda,
301 3281 361 3337 dux
382 3280 571 3347 Batavorum,
594 3278 707 3352 erupit.
728 3294 796 3333 eum
815 3273 968 3342 Cherusci,

7 3440 11 3453 ,
88 3375 189 3453 togam
202 3380 384 3444 simulantes,
413 3378 444 3435 in
472 3377 626 3452 planitiem
656 3375 778 3433 saltibus
799 3373 968 3432 circumiere

91 3483 155 3534 tam
170 3483 304 3535 traxere:
323 3477 392 3534 dein
419 3476 514 3533 coorti
537 3482 568 3533 et
592 3476 719 3550 undique
733 3469 827 3542 ettrr'ei,
850 3471 968 3530 trudunt

91 3577 244 3645 adversos,
263 3575 375 3635 instant
393 3574 576 3646 sedentibus,
595 3576 792 3652 collectosque
805 3574 837 3633 in
859 3573 969 3638 orbem,
