2459 4267
94 364 124 411 s.
140 360 239 408 cus„
307 358 378 407 un.
405 358 451 407 ιν.
479 357 581 406 cau.
607 336 780 406 26.-28.
897 337 968 405 195

96 532 204 589 susque
227 531 246 571 e
271 513 469 582 senatoribus,
495 513 545 588 qui
571 514 735 588 minionem
757 515 907 579 eburnum,
926 517 968 569 to-

96 631 167 687 gam
181 613 302 687 pictam,
314 613 433 687 antiqua
457 614 576 673 Petrum
597 631 730 682 munera,
746 614 840 679 daret,
852 612 968 686 Begerra·

97 729 150 788 que
181 718 209 769 ct
239 710 347 769 sociam
378 718 460 788 utque
484 728 614 783 morsm
646 714 815 784 adpellaret.
855 711 968 767 Eadem
979 698 1020 760 27

97 816 222 878 aestate,
242 817 321 868 mota
336 829 388 884 per
408 810 524 869 ltaliam
545 811 661 869 servilis
685 811 756 868 belli
778 809 891 868 semina
912 810 969 869 tots

97 910 253 984 oppressit.
296 913 409 969 Auctor
429 913 567 970 tumultus
582 910 623 968 Τ.
649 909 803 975 Curtisius,
824 908 970 983 quondam

98 1009 263 1084 praetoriae
283 1010 413 1067 cohortis
434 1009 529 1076 miles,
552 1008 645 1083 prima
667 1010 800 1066 coetibus
814 1005 971 1065 claudesti-

99 1108 158 1173 nis,
172 1109 248 1181 apud
272 1096 459 1165 Brundisium
484 1114 514 1164 et
537 1108 727 1165 circumiecta
749 1107 879 1181 oppidn3
901 1121 971 1163 mox

98 1207 204 1280 positis
215 1210 363 1279 propalam
377 1207 495 1272 libellis,
509 1208 547 1264 'ad
561 1207 726 1265 libertatem
741 1208 866 1263 vocabat
876 1223 971 1281 agres-

99 1307 143 1364 tia
168 1324 219 1378 per
243 1306 414 1380 longinquos
437 1308 529 1363 saltus
549 1313 579 1363 et
594 1306 702 1362 lerocia
726 1306 865 1363 servitia:
894 1323 971 1373 eum,

100 1407 187 1462 velut
210 1422 329 1462 munere
354 1405 461 1489 Deip,
475 1411 533 1462 tres
557 1404 681 1461 biremes
695 1406 831 1485 adpulere
845 1405 882 1461 ud
904 1422 971 1461 usus

98 1503 400 1563 commeantiumillo
420 1503 503 1560 mari.
543 1503 583 1561 Et
605 1508 669 1560 eret
688 1503 792 1561 iisdem
805 1503 971 1575 regionibus

100 1603 221 1662 Curtius
244 1604 343 1675 Lupus
366 1603 519 1674 Quaestor,
543 1601 592 1660 cui
614 1602 776 1675 provincia,
807 1613 907 1661 vetere
932 1620 971 1658 ex

98 1719 190 1768 more,
218 1702 307 1760 Cales
330 1707 481 1759 evenerat.
523 1702 563 1766 ls,
587 1701 727 1773 disposita
758 1701 971 1760 classiariorum

97 1800 195 1873 copia,
209 1806 395 1873 coeptantem
407 1818 477 1861 cum
496 1800 625 1858 maxime
649 1800 880 1861 coniurationem
903 1800 970 1858 disi·

14 1966 26 1989 n
99 1901 171 1958 ecit.
214 1899 376 1974 Missusque
400 1918 418 1957 a
442 1900 568 1958 Caesare
593 1918 713 1973 proruere
742 1900 849 1965 Staius,
865 1899 971 1958 Tribu-

41 1986 50 2005 ”
100 2016 166 2065 nus,
190 2016 258 2056 cum
284 2000 380 2057 valida
401 2017 497 2066 manu,
512 2001 627 2057 Ducem
651 2000 799 2072 insumet
823 1998 970 2070 proximos

100 2098 253 2183 audaciae,
274 2098 306 2154 in
320 2100 420 2159 urbem
436 2098 534 2164 traxit,
557 2098 614 2155 iam
630 2098 830 2171 ereptionum
844 2096 970 2155 multitu·

98 2197 200 2254 (linem
224 2196 406 2264 familiarum,
419 2214 492 2270 quae
516 2197 659 2270 gliscebat
672 2194 970 2263 inmensumsmincre

99 2295 132 2353 in
146 2297 211 2353 dies
226 2299 310 2368 plebe
324 2296 457 2368 ingenua.

141 2380 252 2454 lisue'm
263 2395 447 2459 Consulibus,
458 2396 638 2454 miseriamm
649 2412 685 2455 ac
704 2394 850 2453 saeuitiae
869 2413 969 2455 exem-
980 2394 1021 2453 28

99 2495 181 2567 plum
202 2500 296 2559 atrox,
317 2511 381 2569 reus
401 2502 495 2567 peter,
508 2502 664 2554 ,accusator
676 2495 761 2561 turs,
776 2513 881 2553 nornen
903 2495 970 2553 utri·

94 2610 153 2667 que
179 2593 282 2650 Vibius
303 2595 439 2661 Serenus,
459 2596 491 2652 in
513 2596 656 2653 Senatum
684 2595 797 2653 inducti
827 2603 905 2653 sunt.
930 2597 968 2653 ab
1006 2634 1015 2647 .

100 2692 196 2750 exilio
223 2698 377 2761 retractus,
399 2693 567 2768 inluvieque
594 2711 630 2752 nc
657 2697 789 2768 squalore
809 2695 919 2753 obsitus
938 2701 969 2753 et

98 2797 162 2848 tum
186 2798 292 2848 catena
315 2791 432 2849 uinctus
447 2798 538 2863 pater,
550 2800 651 2851 orante
665 2793 734 2851 utto.
777 2795 968 2867 Praeparetur

98 2892 273 2948 adulescens
293 2890 390 2947 multis
412 2891 570 2956 munditiis,
594 2894 684 2950 alacri
705 2899 797 2953 vultu.
815 2901 967 2957 fatruotss

121 2990 255 3060 Princioi
275 2991 405 3055 insidias,
426 2992 529 3051 missos
541 2993 572 3050 in
587 2994 718 3051 Galliam
730 2994 894 3051 concitores
910 2995 968 3049 bel·

100 3089 162 3155 ‘li,’
186 3091 276 3147 index
303 3090 382 3147 idem
404 3098 433 3147 et
460 3092 541 3148 testis
562 3092 698 3160 diceban
726 3092 968 3164 adnectebatque,

98 3191 285 3248 ‘Caecilium
319 3190 490 3256 cornutum,
525 3192 716 3256 Praetorium,
754 3190 966 3249 ministravisse

99 3290 277 3363 §pneumam
288 3288 305 3343 ι’
332 3290 381 3364 qui
403 3290 501 3346 taedio
516 3306 659 3353 curarum,
674 3293 713 3353 et,
727 3288 794 3362 qaia
808 3288 967 3360 periculum

99 3407 154 3465 pro
172 3389 266 3446 exitio
286 3390 454 3454 habebatur,
474 3393 596 3445 mortem
617 3388 647 3443 in
668 3405 699 3446 re
719 3386 880 3443 festinavit.
927 3390 967 3447 At

97 3494 201 3546 eontra
222 3506 296 3549 reus,
311 3487 383 3544 nihil
404 3488 529 3544 infracto
549 3485 656 3548 animo,
670 3488 809 3542 obversus
824 3484 854 3540 in
867 3484 967 3555 lilium,

100 3592 220 3661 quatere
241 3588 371 3654 vincula,
391 3603 497 3644 vocare
518 3586 643 3643 ‘ultores
671 3585 763 3654 Deos,
782 3589 814 3643 ut
832 3581 889 3639 sibi
908 3584 966 3659 qui-
