2459 4267
62 328 95 376 A.
112 329 140 378 c.
158 334 195 405 as.
295 328 365 375 nra.
382 328 430 376 vr.
479 329 560 377 cae.
578 308 638 377 36.
660 310 721 380 37.
868 304 944 383 263

61 484 110 542 nis
127 482 357 558 Carmaniisque
368 501 420 556 per
433 483 614 544 adfinitatem
624 486 750 547 innexus
763 483 843 565 erat)
855 492 942 564 atqua

64 584 189 641 interim
203 600 287 657 posse
304 582 435 655 Parlbos,
457 584 623 642 absentium
647 592 765 662 aequos,
788 587 946 661 praesenti·
1055 605 1066 626 ·

64 684 121 742 bus
147 683 281 750 mobiles,
303 682 340 739 ad
354 682 567 756 poeniteutiam
581 686 694 743 mutari.
737 687 781 744 At
794 673 996 764 Vitellium&

64 783 193 856 profugo
208 783 370 848 Artabano,
383 787 413 837 et
427 781 511 839 doxis
535 783 571 839 ad
596 800 706 841 novum
730 784 843 860 Regem
857 801 945 858 popu-

64 881 173 939 larium
199 879 315 946 animis,
328 880 459 937 hortatus
484 879 651 947 Tiridaten,
668 888 775 959 perula
793 899 945 959 comeam,

64 983 155 1040 robur
182 978 330 1053 legionum
368 978 569 1054 sociorumque
596 980 689 1054 ripam
716 983 754 1039 ad
787 980 944 1055 Euphratis

65 1079 161 1140 ducit.
205 1077 454 1143 Sacrificautibus,
475 1096 543 1136 cum
568 1079 617 1135 bic
632 1097 712 1137 mora
732 1080 943 1138 Romanusne·

64 1176 227 1238 velaurilia
248 1177 340 1244 daret,
365 1175 416 1232 ille
430 1194 535 1252 equum
557 1179 702 1250 placando
715 1178 794 1236 amni
807 1180 943 1257 adornas·
984 1172 993 1199 ⁴

64 1282 121 1343 sel,
136 1275 311 1334 nuntiavere
332 1278 462 1346 accolae,
489 1276 678 1348 ‘Euphraten
705 1281 786 1335 nulla
809 1278 945 1338 imbrium

66 1377 137 1442 ‘vi,
159 1380 263 1448 sponte
286 1380 316 1431 et
340 1375 504 1433 inmensum
519 1376 647 1446 adtolli;
665 1377 751 1434 simul
778 1377 944 1436 albentibus

65 1481 74 1508 ‘
90 1474 211 1550 spumis,
224 1475 255 1531 in
267 1475 382 1532 modum
396 1473 580 1542 diadematis,
595 1475 711 1533 sinuare
721 1477 828 1546 orbes,
849 1476 944 1549 auspi·

66 1574 170 1631 ‘cium
183 1574 310 1646 prosperi
330 1571 541 1647 transgressus?
561 1573 678 1648 quidam
700 1575 837 1633 callidius
857 1574 944 1634 iuter·

67 1675 267 1749 pretabautur,
281 1671 384 1728 ‘initia
396 1678 520 1729 conatus
534 1674 672 1751 secunda,
686 1691 780 1749 neque
791 1674 943 1732 diuturna:

64 1779 73 1806 ‘
89 1775 158 1847 quia
172 1788 284 1835 eorum,
298 1788 372 1844 quae
388 1776 463 1827 terra
483 1773 606 1829 caelove
630 1773 858 1845 portenderetur,
881 1790 944 1831 cer·

66 1871 149 1929 ‘lior
176 1872 266 1940 bdes3
287 1870 435 1929 fluminum
457 1870 602 1928 instabilis
628 1877 731 1929 natura
744 1872 830 1929 simul
844 1877 943 1931 osten·

68 1957 287 2028 ‘deret'omtna
302 1967 491 2043 raperetque?
512 2020 514 2027 .
532 1971 592 2027 Sed
613 1975 702 2044 ponte
718 1969 842 2027 navibus
856 1970 944 2028 effec-

68 2076 109 2137 to,
124 2069 315 2143 tramissoque
338 2069 482 2136 exercitu,
507 2068 615 2142 primus
640 2069 825 2142 Ornospades
847 2068 946 2127 multis

68 2161 201 2243 equitum
216 2166 341 2224 millibus
362 2167 393 2223 in
415 2174 509 2224 castra
526 2165 627 2223 veuit:
649 2168 732 2225 exsul
747 2167 902 2240 quondam,
915 2172 953 2241 et,

70 2266 291 2327 Tiberiacum
317 2266 517 2323 Dalmaticum
542 2267 651 2322 bellum
678 2265 847 2330 conficeret,
868 2266 946 2325 baud

68 2365 213 2440 inglorius
227 2365 392 2433 auxiliator,
406 2382 498 2440 eoque
512 2363 638 2421 civitate
654 2364 787 2422 Romana
800 2365 947 2427 donatusr

69 2484 152 2533 mox,
177 2463 301 2536 repetita
325 2462 456 2520 amicitia
479 2463 579 2537 Regis,
604 2465 695 2520 multo
709 2465 786 2537 apud
809 2480 877 2520 eum
895 2464 945 2522 bu·

71 2584 155 2629 uore,
184 2564 347 2637 praelectus
374 2563 573 2636 campis,'qui
600 2562 750 2636 Euphrate
778 2566 809 2621 et
841 2563 945 2637 Tigre,

70 2663 192 2722 inclutis
222 2662 366 2728 amnibus,
384 2661 558 2728 circumflui,
581 2661 813 2734 Mesopotamiae
837 2680 945 2721 nomen

48 2829 51 2834 ,
70 2765 258 2834 acceperunt.
301 2761 405 2835 Neque
433 2763 523 2818 multo
538 2766 602 2834 pest
628 2746 883 2834 Sinnacesauget
896 2778 945 2819 co·

71 2862 154 2935 pias:
176 2867 205 2916 et
219 2862 354 2933 columen
370 2859 493 2930 patrium
509 2860 682 2934 Abdageses
704 2878 807 2937 gazam
821 2865 851 2917 et
864 2878 945 2933 para·
1004 2852 1009 2865 Χ

73 2965 118 3021 tus
144 2958 254 3032 Regios
281 2958 393 3015 adiicit.
435 2958 584 3027 Vitellius,
613 2964 777 3015 ostentasse
812 2959 945 3014 Romana

70 3075 151 3119 arma
165 3057 237 3113 satis
248 3069 335 3124 ratus,
349 3063 447 3114 monet
459 3057 614 3114 Tiridaten
631 3057 824 3129 primoresque
836 3074 843 3108 ι
853 3055 945 3132 ιιιιιιο,

70 3154 252 3214 ‘Phrahatis
277 3156 327 3212 avi
352 3161 382 3212 et
406 3155 506 3213 altoris
531 3154 675 3222 Caesaris,
700 3170 773 3228 quae
795 3150 946 3224 utrobique

71 3256 226 3329 ‘pulchra
250 3254 438 3311 meminerit:
432 3252 448 3287 ’
467 3254 544 3320 illos,
560 3250 749 3324 ‘obsequium
770 3250 801 3307 iu
823 3249 945 3322 Regem,

100 3409 257 3455 Adsentiamur
244 3408 330 3469 aequos]
372 3408 508 3457 absentibus
522 3404 658 3469 prrucrprbus
666 3419 755 3466 aequos
794 3400 912 3452 Genetrvu
922 3406 946 3449 et

70 3481 120 3513 ιιιι
114 3467 439 3527 'iscauibusgaudet'l'achtus

98 3545 132 3592 In
142 3547 234 3593 morium
243 3545 383 3616 rliqlemutr'r]
418 3542 830 3616 Addiadematialormamadsipeit
835 3539 947 3589 Diadema

32 3663 39 3679 .
71 3606 255 3723 mmm
270 3605 461 3666 fflldflessegum,
478 3620 523 3653 uon
534 3605 671 3668 abudquam
686 3602 753 3653 inscia
770 3597 847 3651 tenuis
858 3600 947 3661 aingem
