2459 4267
67 357 98 404 a,
114 358 142 405 o.
161 359 198 406 so.
265 341 342 402 'ura
361 315 434 402 iru'·
461 353 540 401 aar.
560 336 728 403 11.-13.
870 336 940 402 133

69 511 197 568 ‘orcitus
217 509 305 578 Piso;
326 508 456 583 quaesita
477 508 535 565 sint
560 527 611 582 per
635 509 824 567 ambitionem
845 509 940 566 studia

69 610 233 677 ‘militumr
265 610 351 665 armis
371 607 494 679 repetita
516 609 686 680 provincia3
715 626 752 665 an
774 608 846 666 lalsa
866 610 940 667 haec

69 707 120 765 ‘in
135 708 247 765 ³maius
277 707 464 780 vulgaverint
497 716 701 776 accusatorem
734 723 852 781 quornm
885 724 940 781 ego

68 808 189 863 ‘nimiis
209 806 313 863 studiis
335 806 397 861 iure
415 823 584 862 succenseo.
627 807 705 863 Nam
722 824 779 880 qno
793 808 939 878 pertinuit,

66 908 201 963 ‘nudare
220 923 333 976 corpus,
357 909 389 960 et
406 906 646 962 contrectandum
669 906 749 979 vulgi
768 905 861 962 oculis
879 924 940 978 per·

67 1006 215 1068 ‘mittere
243 1003 406 1077 differrique
434 1003 522 1059 etiam
550 1021 601 1076 per
628 1010 773 1070 antemos,
801 1011 939 1078 tanquam

67 1109 209 1172 ‘veneno
227 1103 406 1175 interceptus
430 1107 517 1165 esset,
536 1102 562 1158 si
583 1102 696 1160 incerta
716 1105 810 1160 adbuc
829 1102 938 1182 ista-et

66 1204 246 1260 ‘scrutanda
258 1198 348 1258 sunt?
373 1201 478 1258 Delleo
494 1203 629 1272 equidem
642 1202 733 1258 lilium
747 1220 851 1266 meum,
865 1220 938 1259 sem·

67 1307 199 1375 ‘perque
225 1300 360 1357 deflebo:
392 1301 445 1356 sed
479 1319 573 1374 neque
601 1318 681 1356 reum
709 1302 854 1371 prohibeo,
881 1319 938 1375 quo

67 1400 184 1457 ‘minus
197 1407 304 1455 cuncta
319 1399 451 1471 proterat,
465 1401 567 1473 quibus
586 1400 755 1457 innocentia
770 1401 831 1457 eius
845 1404 937 1458 suble·

69 1500 163 1563 ‘vari
180 1504 237 1563 aut,
257 1499 282 1554 si
303 1516 358 1571 qua
382 1498 435 1555 luit
456 1497 593 1573 iniquitas
617 1500 796 1567 Germanici,
819 1501 937 1574 coargui

69 1598 200 1672 ‘possit:
237 1615 344 1668 vosque
370 1616 430 1664 oro,
458 1616 505 1664 ne,
532 1599 598 1672 quia
625 1600 718 1656 dolori
746 1618 811 1656 meo
834 1618 937 1658 corrasa

68 1695 226 1770 ‘connexa
245 1704 297 1760 est,
317 1696 433 1752 obiecta
455 1696 578 1753 crimina
600 1716 651 1770 pro
673 1700 837 1771 adprobatis
859 1700 936 1757 acci·

68 1796 187 1869 ‘piatis
230 1794 354 1867 Siquos
381 1795 700 1870 propinquussssanguis,
724 1806 773 1853 aut
793 1799 864 1854 fides
885 1815 937 1855 soa

16 1969 17 1976 ἵ
67 1901 227 1968 ‘patronos
246 1893 334 1962 dedit,
353 1900 492 1967 quantum
513 1895 631 1968 quisque
644 1898 810 1974 eloquentia
825 1905 854 1952 et
869 1916 938 1955 cura

16 2037 17 2072 ζ
66 1996 180 2060 ί-νειΙεεΐ,
205 1993 304 2048 iuvate
330 1992 562 2064 periclitantem:
591 1995 628 2050 ad
650 1996 774 2051 eundem
800 1998 937 2062 laborem,

16 2083 17 2086 ¹
66 2093 215 2149 ‘eandem
229 2091 422 2148 constantiam
444 2097 627 2149 accusatores
649 2094 754 2148 hortor.
797 2095 829 2149 lul
845 2095 937 2148 solum

67 2190 269 2248 ‘Germanico
282 2207 368 2260 supter
382 2193 461 2262 leges
474 2190 709 2263 praestiterimus,
724 2192 797 2264 quorl
812 2190 842 2247 in
858 2192 938 2247 curia

67 2291 299 2363 ‘potiusquam
326 2288 356 2344 in
380 2289 450 2355 foro,
478 2290 554 2360 apud
578 2292 730 2354 Senatum,
753 2307 837 2363 quum
863 2290 938 2362 apoll

66 2389 211 2450 ‘iudices
231 2389 269 2442 (le
290 2395 382 2444 morte
402 2386 464 2443 eius
489 2388 656 2461 anquiritur.
679 2395 778 2445 cetera
798 2388 858 2461 pari
879 2405 938 2445 mo·

16 2551 17 2560 ἵ
67 2486 185 2544 ‘destia
198 2491 365 2543 tractentur.
386 2503 472 2542 nemo
492 2487 581 2544 Drusi
601 2487 744 2553 lacrimas,
763 2506 847 2544 nemo
862 2506 938 2545 moe·

69 2587 199 2643 ‘stitiam
221 2586 315 2641 meam
336 2590 457 2657 spectet,
480 2603 544 2655 nec,
566 2587 592 2643 si
615 2604 671 2661 qna
692 2587 722 2643 io
745 2607 795 2644 nos
815 2590 938 2646 adversa

16 2735 17 2752 ἶ
68 2678 255 2760 ‘finguntur.'
305 2684 384 2741 Exin
411 2685 544 2743 ‘biduum
568 2686 734 2745 criminibus
755 2686 937 2745 obiiciendis’
952 2678 991 2737 13

16 2771 17 2832 Ῐ
68 2785 214 2849 statuitur,
228 2789 343 2857 ‘utqoe,
371 2801 423 2839 sex
443 2784 554 2841 dierum
568 2784 663 2857 spatio
687 2786 847 2854 interiecto,
870 2807 935 2845 reus

67 2882 279 2955 ‘pertriduum
306 2882 528 2946 defenderetur?
569 2883 649 2940 Tum
670 2884 821 2943 Fulcinius
837 2892 937 2944 vetera

16 2983 17 2988 ’
70 2987 98 3036 et
123 2980 227 3037 inania
253 2981 386 3036 orditur:
407 2978 550 3038 ambitiose
570 2998 705 3057 auareque
726 2981 851 3040 hobitum
872 2982 937 3039 His-

16 3109 17 3120 κ
65 3069 207 3155 puniam:
228 3073 411 3159 quartaeque
432 3079 602 3138 convictum
613 3098 709 3137 noxae
729 3099 787 3145 reo,
799 3080 823 3137 si
838 3098 937 3137 receu-

70 3179 111 3235 tia
137 3183 292 3252 purgaret3
328 3196 420 3251 neque
443 3178 592 3236 defensum
619 3178 793 3235 absolutioni
817 3184 888 3244 erat,
912 3177 937 3235 si

70 3251 221 3332 teneretur
235 3275 389 3332 maioribus
404 3277 528 3350 flagitiis.
571 3278 736 3350 Postquam
750 3278 893 3332 Servaeus
907 3280 938 3331 et

16 3377 18 3408 r
70 3373 220 3447 Veranius
241 3379 271 3430 et
281 3374 429 3438 Vitellios,
440 3376 585 3433 consimili
603 3372 708 3441 elladio,
719 3374 769 3430 sed
780 3376 869 3429 multa
880 3376 947 3458 elo-4

71 3473 190 3546 quentia
198 3472 349 3538 Vitellius,
358 3473 492 3531 obiecere
502 3496 508 3530 ε
519 3475 599 3531 ‘odio
611 3473 790 3539 Germanici,
802 3477 832 3528 et
846 3490 937 3530 rerum

71 3567 237 3628 ‘'novarum'
248 3573 352 3643 studio,
367 3574 503 3633 Pisonem
527 3576 630 3649 vulgus
641 3572 773 3642 militum,
787 3590 838 3647 per
848 3571 938 3632 licen·

110 3686 181 3725 von.
201 3687 223 3726 ι.
500 3674 537 3728 12
