2459 4267
89 365 219 413 ncne
307 365 441 416 araur.
478 369 569 418 cnr.
601 349 769 423 aa-ar.
822 292 826 300 ·
886 356 965 428 263

89 536 144 593 per
156 523 280 594 quatuor
304 525 334 578 et
361 521 468 598 viginti
494 542 587 584 annos
610 526 769 601 iupositus3
789 530 899 589 nullam
922 533 961 591 ob

89 618 234 679 eximiam
259 628 360 692 artam,
380 621 433 680 sed
447 622 521 703 qaod
543 641 602 702 por
620 623 748 701 negotiis,
769 645 855 706 neque
872 647 961 708 supro
1060 618 1071 633 ”

89 725 163 777 etad.

135 818 174 891 Q.
197 819 336 891 Plautius,
354 824 429 881 Sex.
445 824 583 899 Papinius
604 842 682 885 coss.
709 833 873 904 sequnntur.
913 825 1013 891 notu
1111 848 1115 853 ·

89 911 208 986 anna*
221 936 315 994 neque
342 923 417 996 quod
445 925 481 982 L.
511 925 651 1007 Aruseins
678 932 770 984 morte
788 927 896 985 adiecti
920 929 961 987 lo·

87 1023 166 1084 rent,
193 1018 383 1077 adsuetudine
403 1024 553 1089 malorum,
572 1029 605 1082 ut
625 1030 719 1093 atrox,
738 1027 957 1098 advertebatur,

89 1114 144 1191 sed
159 1118 310 1201 exterruit,
328 1121 407 1193 quod
434 1120 598 1181 Vibulenus
625 1124 763 1198 Agrippa,
778 1125 875 1201 Eques
901 1126 960 1185 Ro·

90 1230 207 1289 manus,
232 1231 299 1272 cum
323 1225 506 1290 perorassent
526 1228 720 1288 accusatores,
734 1222 765 1280 in
789 1223 852 1297 ipsa
876 1224 960 1282 ouria

89 1312 292 1387 depromptum
314 1316 390 1374 sinu>
403 1335 551 1375 venenum
573 1318 684 1389 bansit3
706 1321 909 1396 prolapsusque
923 1339 959 1380 ao

89 1411 290 1484 moribundus,
312 1415 457 1473 festinatis
485 1418 619 1475 lictorum
647 1419 779 1476 manibus
802 1419 833 1477 in
860 1437 960 1478 carce·

89 1528 154 1569 rem
173 1521 271 1588 raptus
288 1522 343 1582 est,
356 1515 510 1591 faucesque
531 1517 590 1574 iam
611 1517 755 1576 exanimis
769 1521 873 1594 laqueo
888 1537 959 1579 vex·

91 1616 171 1668 atne.
230 1613 280 1670 Ne
310 1613 457 1689 Tigranes
483 1616 609 1691 quidem,
638 1618 780 1675 Armenla
814 1619 960 1694 qnondam

90 1709 211 1786 potitus,
230 1727 267 1769 ac
299 1717 370 1770 tunc
385 1730 471 1781 reus,
491 1715 608 1772 nomine
636 1715 731 1791 Regio
752 1717 896 1791 supplicia
919 1716 960 1774 cl·

91 1808 175 1868 vium
207 1809 315 1886 effugit
349 1813 406 1870 nt
436 1812 471 1869 C.
495 1813 602 1883 Galba,
631 1813 808 1880 Consularis,
834 1820 864 1872 et
900 1816 961 1873 dno

77 1909 197 1968 vBlaesi
219 1910 385 1968 voluntario
411 1911 494 1968 exitu
520 1911 677 1969 cecidere:
698 1912 805 1980 Galba,
832 1912 961 1971 tristibus

93 2007 230 2066 Caesaris
250 2009 354 2066 litteris
367 2010 549 2091 provinciam
563 2008 668 2079 sortiri,
681 2010 862 2084 prohibitura
876 2012 962 2071 Blae·

92 2107 134 2164 sis
147 2106 319 2177 sacerdotia,
347 2108 460 2185 integra
487 2127 586 2167 eorurn
607 2108 694 2167 domo
715 2108 871 2177 destinata,
892 2128 962 2175 con·

93 2206 364 2277 vulaadistulerat3
390 2211 469 2273 tnnc,
490 2198 652 2276 utracuu,
674 2209 800 2265 contulit
824 2207 854 2266 in
878 2209 961 2267 atior.

92 2307 170 2379 quod
194 2305 309 2380 signum
336 2306 435 2364 mortis
459 2305 653 2381 intellexere;
672 2310 705 2365 et
731 2307 864 2366 e'isecuti
884 2313 962 2366 aunt.

93 2403 135 2464 Et
165 2404 293 2462 Aemilia
307 2405 430 2479 Lepida,
444 2423 529 2480 quarn
556 2404 661 2463 iuveni
674 2405 770 2467 Druso
788 2411 962 2480 nuptam-ra-

94 2503 160 2569 tuli,
187 2502 295 2560 crebris
327 2503 497 2562 criminibus
524 2504 657 2561 maritum
692 2504 833 2574 insecuta,
866 2521 963 2580 quam·

94 2618 196 2676 quam·
209 2600 394 2667 intestabilis,
404 2609 505 2660 tamen
520 2602 654 2676 inpunita
681 2606 796 2677 agebat,
823 2603 891 2663 durn
917 2620 962 2664 su-

92 2702 200 2776 perluit
230 2707 312 2774 pater
337 2700 576 2776 Lepidus;,post
600 2718 620 2758 a
642 2703 819 2763 delatoribus
844 2703 962 2779 corripi·

73 2820 75 2826 ¹
93 2805 141 2858 tur
153 2803 192 2857 ob
206 2818 322 2859 servum
342 2801 520 2858 adulterum:
541 2819 597 2860 nec
619 2802 802 2862 dubitabatur
832 2804 869 2860 de
884 2802 963 2876 dagi-

94 2900 145 2958 tio.
172 2916 253 2974 ergo,
279 2899 386 2957 omisaa
408 2899 588 2968 defensione,
615 2901 703 2959 tinem
730 2901 812 2958 vitae
838 2900 895 2958 sibi
914 2916 964 2973 poe

94 2999 162 3059 suit.
204 2998 262 3055 Per
277 2998 356 3055 idem
373 3004 486 3072 tempus
514 2998 657 3056 Clitarum
678 2998 767 3065 natio,
792 2995 1011 3070 cappadocitl

93 3098 248 3157 Archelao
260 3097 402 3164 subiecta,
429 3096 497 3172 quia
511 3102 639 3154 nostrum
665 3095 697 3154 in
719 3096 835 3153 modum
850 3095 963 3154 deferre

91 3213 210 3265 census,
235 3194 295 3268 pati
308 3195 415 3253 tributa
441 3195 619 3268 adigebatur,
637 3192 668 3250 in
695 3193 762 3265 iuga
776 3191 870 3253 Tauri
884 3210 963 3252 mou·

94 3295 132 3353 tis
146 3294 288 3356 abscessit
302 3314 310 3350 s
331 3296 516 3368 locorumque
539 3290 660 3366 ingenio
677 3308 741 3351 sese
755 3294 857 3350 contra
871 3289 964 3351 inbel-

124 3446 197 3494 &aa
206 3446 308 3496 tristitiae
317 3449 418 3497 Oeensis
427 3447 516 3508 tans]
546 3446 630 3494 Frater
638 3456 672 3493 ert
680 3444 748 3501 illius,
758 3443 796 3508 qui
810 3447 887 3507 postea
898 3443 963 3492 Prin·

150 3543 155 3550 .
176 3507 321 3554 buetflalb.
344 3512 365 3554 3,
397 3509 469 3555 Caius
489 3506 572 3552 mnas
582 3506 735 3563 suauitatilnr
751 3505 808 3553 urba
821 3504 891 3558 canit,
912 3519 964 3562 pro-

95 3563 121 3610 b‘
137 3565 346 3625 ‘aspruol’r'ben'o
361 3564 759 3625 sortisimmrl'rocnnrsrlubsrr,
770 3562 962 3613 wlrratoriaraor·

22 3638 27 3650 ·
95 3623 186 3670 trobitt
216 3624 279 3682 Lipr.

137 3722 209 3765 von.
230 3725 253 3764 1.
327 3757 330 3763 f
531 3708 570 3762 23
