<?xml version="1.0" encoding="UTF-8"?>
<!DOCTYPE html PUBLIC "-//W3C//DTD XHTML 1.0 Transitional//EN"
    "http://www.w3.org/TR/xhtml1/DTD/xhtml1-transitional.dtd">
<html xmlns="http://www.w3.org/1999/xhtml" xml:lang="en" lang="en">
 <head>
  <title>
</title>
<meta http-equiv="Content-Type" content="text/html;charset=utf-8" />
  <meta name='ocr-system' content='tesseract 3.04.00' />
  <meta name='ocr-capabilities' content='ocr_page ocr_carea ocr_par ocr_line ocrx_word'/>
</head>
<body>
  <div class='ocr_page' id='page_1' title='image "./ccorneliitaciti02unkngoog_0068.png"; bbox 0 0 2459 4267; ppageno 0'>
   <div class='ocr_carea' id='block_1_1' title="bbox 258 267 1129 360">
    <p class='ocr_par' dir='ltr' id='par_1_1' title="bbox 258 267 1129 360">
     <span class='ocr_line' id='line_1_1' title="bbox 258 267 1129 360; baseline 0.006 -23"><span class='ocrx_word' id='word_1_1' title='bbox 258 267 308 337; x_wconf 79' lang='lat'><strong>26</strong></span> <span class='ocrx_word' id='word_1_2' title='bbox 584 288 771 357; x_wconf 77' lang='lat' dir='ltr'><strong>rnusmvu</strong></span> <span class='ocrx_word' id='word_1_3' title='bbox 986 293 1016 342; x_wconf 76' lang='lat' dir='ltr'><strong>n.</strong></span> <span class='ocrx_word' id='word_1_4' title='bbox 1032 294 1061 360; x_wconf 74' lang='lat' dir='ltr'><strong>u.</strong></span> <span class='ocrx_word' id='word_1_5' title='bbox 1077 297 1129 342; x_wconf 82' lang='lat' dir='ltr'><strong>ror.</strong></span> 
     </span>
    </p>
   </div>
   <div class='ocr_carea' id='block_1_2' title="bbox 201 442 1174 3588">
    <p class='ocr_par' dir='ltr' id='par_1_2' title="bbox 201 442 1174 3588">
     <span class='ocr_line' id='line_1_2' title="bbox 256 442 1133 520; baseline 0.005 -19"><span class='ocrx_word' id='word_1_6' title='bbox 256 461 310 519; x_wconf 83' lang='lat' dir='ltr'><strong>pua</strong></span> <span class='ocrx_word' id='word_1_7' title='bbox 323 442 545 502; x_wconf 75' lang='lat' dir='ltr'><strong>effunderentur.</strong></span> <span class='ocrx_word' id='word_1_8' title='bbox 564 460 600 502; x_wconf 87' lang='lat' dir='ltr'><strong>ac</strong></span> <span class='ocrx_word' id='word_1_9' title='bbox 615 445 647 502; x_wconf 90' lang='lat' dir='ltr'><strong>ni</strong></span> <span class='ocrx_word' id='word_1_10' title='bbox 661 462 792 518; x_wconf 87' lang='lat' dir='ltr'><strong>propere,</strong></span> <span class='ocrx_word' id='word_1_11' title='bbox 813 462 907 519; x_wconf 83' lang='lat' dir='ltr'><strong>neque</strong></span> <span class='ocrx_word' id='word_1_12' title='bbox 920 461 1025 520; x_wconf 87' lang='lat' dir='ltr'><strong>corpus</strong></span> <span class='ocrx_word' id='word_1_13' title='bbox 1039 449 1133 506; x_wconf 82' lang='lat' dir='ltr'><strong>ullum</strong></span> 
     </span>
     <span class='ocr_line' id='line_1_3' title="bbox 255 542 1130 616; baseline 0.001 -14"><span class='ocrx_word' id='word_1_14' title='bbox 255 542 385 616; x_wconf 83' lang='lat' dir='ltr'><strong>reperiri,</strong></span> <span class='ocrx_word' id='word_1_15' title='bbox 397 548 427 600; x_wconf 89' lang='lat' dir='ltr'><strong>et</strong></span> <span class='ocrx_word' id='word_1_16' title='bbox 441 560 551 609; x_wconf 79' lang='lat' dir='ltr'><strong>servos,</strong></span> <span class='ocrx_word' id='word_1_17' title='bbox 571 543 709 600; x_wconf 86' lang='lat' dir='ltr'><strong>adhibitis</strong></span> <span class='ocrx_word' id='word_1_18' title='bbox 723 543 909 614; x_wconf 77' lang='lat' dir='ltr'><strong>cruciatibus,</strong></span> <span class='ocrx_word' id='word_1_19' title='bbox 922 545 1049 602; x_wconf 86' lang='lat' dir='ltr'><strong>abnuere</strong></span> <span class='ocrx_word' id='word_1_20' title='bbox 1060 562 1130 603; x_wconf 90' lang='lat' dir='ltr'><strong>cae·</strong></span> 
     </span>
     <span class='ocr_line' id='line_1_4' title="bbox 255 637 1131 716; baseline 0.001 -17"><span class='ocrx_word' id='word_1_21' title='bbox 255 642 333 707; x_wconf 86' lang='lat' dir='ltr'><strong>dem,</strong></span> <span class='ocrx_word' id='word_1_22' title='bbox 347 659 441 716; x_wconf 85' lang='lat' dir='ltr'><strong>neque</strong></span> <span class='ocrx_word' id='word_1_23' title='bbox 454 641 499 699; x_wconf 89' lang='lat' dir='ltr'><strong>illi</strong></span> <span class='ocrx_word' id='word_1_24' title='bbox 519 637 608 699; x_wconf 82' lang='lat' dir='ltr'><strong>lirisse</strong></span> <span class='ocrx_word' id='word_1_25' title='bbox 633 659 758 716; x_wconf 87' lang='lat' dir='ltr'><strong>unquam</strong></span> <span class='ocrx_word' id='word_1_26' title='bbox 776 642 894 700; x_wconf 78' lang='lat' dir='ltr'><strong>fratrem</strong></span> <span class='ocrx_word' id='word_1_27' title='bbox 924 644 1131 716; x_wconf 61' lang='lat' dir='ltr'><strong>pernumium,¹</strong></span> 
     </span>
     <span class='ocr_line' id='line_1_5' title="bbox 256 737 1129 814; baseline 0.001 -16"><span class='ocrx_word' id='word_1_28' title='bbox 256 741 333 798; x_wconf 84' lang='lat' dir='ltr'><strong>baud</strong></span> <span class='ocrx_word' id='word_1_29' title='bbox 358 743 479 799; x_wconf 88' lang='lat' dir='ltr'><strong>multum</strong></span> <span class='ocrx_word' id='word_1_30' title='bbox 500 743 537 799; x_wconf 83' lang='lat' dir='ltr'><strong>ab</strong></span> <span class='ocrx_word' id='word_1_31' title='bbox 560 739 655 799; x_wconf 82' lang='lat' dir='ltr'><strong>exitio</strong></span> <span class='ocrx_word' id='word_1_32' title='bbox 677 740 767 814; x_wconf 73' lang='lat' dir='ltr'><strong>legati</strong></span> <span class='ocrx_word' id='word_1_33' title='bbox 791 737 921 799; x_wconf 82' lang='lat' dir='ltr'><strong>aberant.</strong></span> <span class='ocrx_word' id='word_1_34' title='bbox 976 742 1129 800; x_wconf 74' lang='lat' dir='ltr'><strong>Tribunos</strong></span> 
     </span>
     <span class='ocr_line' id='line_1_6' title="bbox 256 840 1130 913; baseline 0.003 -16"><span class='ocrx_word' id='word_1_35' title='bbox 256 844 354 898; x_wconf 85' lang='lat' dir='ltr'><strong>tamen</strong></span> <span class='ocrx_word' id='word_1_36' title='bbox 377 857 412 897; x_wconf 90' lang='lat' dir='ltr'><strong>ac</strong></span> <span class='ocrx_word' id='word_1_37' title='bbox 435 840 612 913; x_wconf 88' lang='lat' dir='ltr'><strong>praelectum</strong></span> <span class='ocrx_word' id='word_1_38' title='bbox 624 845 783 897; x_wconf 86' lang='lat' dir='ltr'><strong>castrorum</strong></span> <span class='ocrx_word' id='word_1_39' title='bbox 797 845 968 897; x_wconf 85' lang='lat' dir='ltr'><strong>extruserc:</strong></span> <span class='ocrx_word' id='word_1_40' title='bbox 993 841 1130 900; x_wconf 76' lang='lat' dir='ltr'><strong>sarcinae</strong></span> 
     </span>
     <span class='ocr_line' id='line_1_7' title="bbox 256 935 1129 1013; baseline 0.005 -18"><span class='ocrx_word' id='word_1_41' title='bbox 256 938 426 1013; x_wconf 76' lang='lat' dir='ltr'><strong>fugientium</strong></span> <span class='ocrx_word' id='word_1_42' title='bbox 440 938 587 1011; x_wconf 78' lang='lat' dir='ltr'><strong>direptaer</strong></span> <span class='ocrx_word' id='word_1_43' title='bbox 602 944 633 995; x_wconf 88' lang='lat' dir='ltr'><strong>et</strong></span> <span class='ocrx_word' id='word_1_44' title='bbox 643 938 776 996; x_wconf 88' lang='lat' dir='ltr'><strong>centurio</strong></span> <span class='ocrx_word' id='word_1_45' title='bbox 786 935 929 997; x_wconf 86' lang='lat' dir='ltr'><strong>Lucillius</strong></span> <span class='ocrx_word' id='word_1_46' title='bbox 945 938 1129 1010; x_wconf 85' lang='lat' dir='ltr'><strong>interficitur,</strong></span> 
     </span>
     <span class='ocr_line' id='line_1_8' title="bbox 256 1027 1131 1106; baseline 0.003 -11"><span class='ocrx_word' id='word_1_47' title='bbox 256 1037 313 1103; x_wconf 89' lang='lat' dir='ltr'><strong>cui,</strong></span> <span class='ocrx_word' id='word_1_48' title='bbox 328 1027 499 1095; x_wconf 85' lang='lat' dir='ltr'><strong>militaribus</strong></span> <span class='ocrx_word' id='word_1_49' title='bbox 507 1037 632 1106; x_wconf 84' lang='lat' dir='ltr'><strong>lacellis,</strong></span> <span class='ocrx_word' id='word_1_50' title='bbox 651 1039 825 1095; x_wconf 83' lang='lat' dir='ltr'><strong>vocabulum</strong></span> <span class='ocrx_word' id='word_1_51' title='bbox 838 1035 912 1095; x_wconf 80' lang='lat' dir='ltr'><strong>Cedo</strong></span> <span class='ocrx_word' id='word_1_52' title='bbox 921 1035 1042 1095; x_wconf 82' lang='lat' dir='ltr'><strong>alterum</strong></span> <span class='ocrx_word' id='word_1_53' title='bbox 1054 1040 1131 1099; x_wconf 90' lang='lat' dir='ltr'><strong>indi·</strong></span> 
     </span>
     <span class='ocr_line' id='line_1_9' title="bbox 255 1135 1130 1218; baseline 0.003 -24"><span class='ocrx_word' id='word_1_54' title='bbox 255 1138 380 1206; x_wconf 83' lang='lat' dir='ltr'><strong>derant;</strong></span> <span class='ocrx_word' id='word_1_55' title='bbox 406 1135 482 1210; x_wconf 89' lang='lat' dir='ltr'><strong>quia,</strong></span> <span class='ocrx_word' id='word_1_56' title='bbox 508 1135 600 1194; x_wconf 83' lang='lat' dir='ltr'><strong>lrncta</strong></span> <span class='ocrx_word' id='word_1_57' title='bbox 625 1136 686 1193; x_wconf 88' lang='lat' dir='ltr'><strong>vite</strong></span> <span class='ocrx_word' id='word_1_58' title='bbox 715 1135 746 1194; x_wconf 91' lang='lat' dir='ltr'><strong>in</strong></span> <span class='ocrx_word' id='word_1_59' title='bbox 771 1142 853 1210; x_wconf 83' lang='lat' dir='ltr'><strong>tergo</strong></span> <span class='ocrx_word' id='word_1_60' title='bbox 874 1135 985 1218; x_wconf 81' lang='lat' dir='ltr'><strong>militis,</strong></span> <span class='ocrx_word' id='word_1_61' title='bbox 1004 1139 1130 1197; x_wconf 87' lang='lat' dir='ltr'><strong>alteram</strong></span> 
     </span>
     <span class='ocr_line' id='line_1_10' title="bbox 256 1235 1130 1308; baseline 0.003 -15"><span class='ocrx_word' id='word_1_62' title='bbox 256 1237 336 1293; x_wconf 87' lang='lat' dir='ltr'><strong>clara</strong></span> <span class='ocrx_word' id='word_1_63' title='bbox 350 1249 424 1293; x_wconf 88' lang='lat' dir='ltr'><strong>voce</strong></span> <span class='ocrx_word' id='word_1_64' title='bbox 438 1251 474 1293; x_wconf 88' lang='lat' dir='ltr'><strong>ac</strong></span> <span class='ocrx_word' id='word_1_65' title='bbox 494 1251 588 1292; x_wconf 84' lang='lat' dir='ltr'><strong>rursus</strong></span> <span class='ocrx_word' id='word_1_66' title='bbox 602 1235 690 1292; x_wconf 90' lang='lat' dir='ltr'><strong>aliam</strong></span> <span class='ocrx_word' id='word_1_67' title='bbox 709 1235 855 1308; x_wconf 70' lang='lat' dir='ltr'><strong>poscebat„</strong></span> <span class='ocrx_word' id='word_1_68' title='bbox 870 1241 982 1292; x_wconf 87' lang='lat' dir='ltr'><strong>ceteros</strong></span> <span class='ocrx_word' id='word_1_69' title='bbox 997 1236 1130 1295; x_wconf 82' lang='lat' dir='ltr'><strong>latebrae</strong></span> 
     </span>
     <span class='ocr_line' id='line_1_11' title="bbox 256 1323 1129 1410; baseline 0.001 -18"><span class='ocrx_word' id='word_1_70' title='bbox 256 1338 368 1400; x_wconf 80' lang='lat' dir='ltr'><strong>texere,</strong></span> <span class='ocrx_word' id='word_1_71' title='bbox 388 1349 447 1391; x_wconf 89' lang='lat' dir='ltr'><strong>uno</strong></span> <span class='ocrx_word' id='word_1_72' title='bbox 460 1323 574 1391; x_wconf 78' lang='lat' dir='ltr'><strong>retento</strong></span> <span class='ocrx_word' id='word_1_73' title='bbox 594 1333 750 1392; x_wconf 77' lang='lat' dir='ltr'><strong>clemente</strong></span> <span class='ocrx_word' id='word_1_74' title='bbox 775 1332 853 1402; x_wconf 87' lang='lat' dir='ltr'><strong>lullo,</strong></span> <span class='ocrx_word' id='word_1_75' title='bbox 875 1333 924 1408; x_wconf 88' lang='lat' dir='ltr'><strong>qui</strong></span> <span class='ocrx_word' id='word_1_76' title='bbox 949 1334 1129 1410; x_wconf 79' lang='lat' dir='ltr'><strong>perferendis</strong></span> 
     </span>
     <span class='ocr_line' id='line_1_12' title="bbox 255 1429 1128 1507; baseline 0 -16"><span class='ocrx_word' id='word_1_77' title='bbox 255 1432 381 1492; x_wconf 88' lang='lat' dir='ltr'><strong>mllltum</strong></span> <span class='ocrx_word' id='word_1_78' title='bbox 407 1431 551 1489; x_wconf 76' lang='lat' dir='ltr'><strong>mandatis</strong></span> <span class='ocrx_word' id='word_1_79' title='bbox 570 1429 729 1488; x_wconf 70' lang='lat' dir='ltr'><strong>habebatur</strong></span> <span class='ocrx_word' id='word_1_80' title='bbox 749 1430 880 1498; x_wconf 87' lang='lat' dir='ltr'><strong>idoneus,</strong></span> <span class='ocrx_word' id='word_1_81' title='bbox 901 1434 940 1489; x_wconf 91' lang='lat' dir='ltr'><strong>ob</strong></span> <span class='ocrx_word' id='word_1_82' title='bbox 964 1438 1128 1507; x_wconf 90' lang='lat' dir='ltr'><strong>promptum</strong></span> 
     </span>
     <span class='ocr_line' id='line_1_13' title="bbox 255 1530 1130 1605; baseline 0.003 -18"><span class='ocrx_word' id='word_1_83' title='bbox 255 1531 413 1605; x_wconf 75' lang='lat' dir='ltr'><strong>ingenium.</strong></span> <span class='ocrx_word' id='word_1_84' title='bbox 456 1530 534 1603; x_wconf 75' lang='lat' dir='ltr'><strong>Quin</strong></span> <span class='ocrx_word' id='word_1_85' title='bbox 556 1530 637 1603; x_wconf 85' lang='lat' dir='ltr'><strong>ipsae</strong></span> <span class='ocrx_word' id='word_1_86' title='bbox 659 1531 738 1587; x_wconf 90' lang='lat' dir='ltr'><strong>inter</strong></span> <span class='ocrx_word' id='word_1_87' title='bbox 760 1546 793 1587; x_wconf 82' lang='lat' dir='ltr'><strong>se</strong></span> <span class='ocrx_word' id='word_1_88' title='bbox 815 1530 943 1603; x_wconf 80' lang='lat' dir='ltr'><strong>legiones</strong></span> <span class='ocrx_word' id='word_1_89' title='bbox 964 1538 1073 1590; x_wconf 89' lang='lat' dir='ltr'><strong>octava</strong></span> <span class='ocrx_word' id='word_1_90' title='bbox 1097 1538 1130 1591; x_wconf 87' lang='lat' dir='ltr'><strong>et</strong></span> 
     </span>
     <span class='ocr_line' id='line_1_14' title="bbox 255 1629 1128 1703; baseline 0.001 -16"><span class='ocrx_word' id='word_1_91' title='bbox 255 1629 479 1703; x_wconf 82' lang='lat' dir='ltr'><strong>quintadecuma</strong></span> <span class='ocrx_word' id='word_1_92' title='bbox 504 1629 610 1687; x_wconf 89' lang='lat' dir='ltr'><strong>lerrum</strong></span> <span class='ocrx_word' id='word_1_93' title='bbox 634 1631 793 1701; x_wconf 84' lang='lat' dir='ltr'><strong>parabant:</strong></span> <span class='ocrx_word' id='word_1_94' title='bbox 818 1630 886 1686; x_wconf 91' lang='lat' dir='ltr'><strong>dum</strong></span> <span class='ocrx_word' id='word_1_95' title='bbox 914 1631 1128 1700; x_wconf 72' lang='lat' dir='ltr'><strong>centurionem,</strong></span> 
     </span>
     <span class='ocr_line' id='line_1_15' title="bbox 254 1716 1129 1803; baseline 0 -16"><span class='ocrx_word' id='word_1_96' title='bbox 254 1734 450 1803; x_wconf 79' lang='lat' dir='ltr'><strong>cognomento</strong></span> <span class='ocrx_word' id='word_1_97' title='bbox 464 1727 620 1802; x_wconf 77' lang='lat' dir='ltr'><strong>Sirpicum,</strong></span> <span class='ocrx_word' id='word_1_98' title='bbox 642 1727 693 1785; x_wconf 85' lang='lat' dir='ltr'><strong>illa</strong></span> <span class='ocrx_word' id='word_1_99' title='bbox 708 1726 793 1785; x_wconf 88' lang='lat' dir='ltr'><strong>morli</strong></span> <span class='ocrx_word' id='word_1_100' title='bbox 813 1716 957 1800; x_wconf 83' lang='lat' dir='ltr'><strong>deposcit,</strong></span> <span class='ocrx_word' id='word_1_101' title='bbox 976 1728 1129 1802; x_wconf 80' lang='lat' dir='ltr'><strong>quintade-</strong></span> 
     </span>
     <span class='ocr_line' id='line_1_16' title="bbox 254 1827 1174 1900; baseline -0.005 -13"><span class='ocrx_word' id='word_1_102' title='bbox 254 1827 372 1888; x_wconf 78' lang='lat' dir='ltr'><strong>cumani</strong></span> <span class='ocrx_word' id='word_1_103' title='bbox 385 1832 517 1886; x_wconf 87' lang='lat' dir='ltr'><strong>tucnlur:</strong></span> <span class='ocrx_word' id='word_1_104' title='bbox 539 1827 570 1884; x_wconf 89' lang='lat' dir='ltr'><strong>ni</strong></span> <span class='ocrx_word' id='word_1_105' title='bbox 584 1827 668 1884; x_wconf 90' lang='lat' dir='ltr'><strong>miles</strong></span> <span class='ocrx_word' id='word_1_106' title='bbox 690 1843 821 1883; x_wconf 88' lang='lat' dir='ltr'><strong>nonanus</strong></span> <span class='ocrx_word' id='word_1_107' title='bbox 838 1844 938 1900; x_wconf 83' lang='lat' dir='ltr'><strong>precer</strong></span> <span class='ocrx_word' id='word_1_108' title='bbox 961 1832 1001 1893; x_wconf 89' lang='lat' dir='ltr'><strong>et,</strong></span> <span class='ocrx_word' id='word_1_109' title='bbox 1023 1829 1129 1886; x_wconf 87' lang='lat' dir='ltr'><strong>adver·</strong></span> <span class='ocrx_word' id='word_1_110' title='bbox 1171 1877 1174 1882; x_wconf 83' lang='lat'>.</span> 
     </span>
     <span class='ocr_line' id='line_1_17' title="bbox 202 1909 1128 2001; baseline -0.002 -15"><span class='ocrx_word' id='word_1_111' title='bbox 202 1940 318 2001; x_wconf 68' lang='lat' dir='ltr'><strong>‘Meum</strong></span> <span class='ocrx_word' id='word_1_112' title='bbox 339 1926 529 2001; x_wconf 81' lang='lat' dir='ltr'><strong>aspernantis,</strong></span> <span class='ocrx_word' id='word_1_113' title='bbox 554 1926 647 1984; x_wconf 90' lang='lat' dir='ltr'><strong>minas</strong></span> <span class='ocrx_word' id='word_1_114' title='bbox 671 1909 875 1983; x_wconf 59' lang='lat' dir='ltr'><strong>interieclssetss</strong></span> <span class='ocrx_word' id='word_1_115' title='bbox 918 1926 1001 1983; x_wconf 83' lang='lat' dir='ltr'><strong>Haec</strong></span> <span class='ocrx_word' id='word_1_116' title='bbox 1026 1928 1128 1985; x_wconf 89' lang='lat' dir='ltr'><strong>audita</strong></span> 
     </span>
     <span class='ocr_line' id='line_1_18' title="bbox 255 2024 1127 2104; baseline -0.002 -18"><span class='ocrx_word' id='word_1_117' title='bbox 255 2045 425 2104; x_wconf 85' lang='lat' dir='ltr'><strong>quamquam</strong></span> <span class='ocrx_word' id='word_1_118' title='bbox 440 2029 599 2085; x_wconf 85' lang='lat' dir='ltr'><strong>abstrusum</strong></span> <span class='ocrx_word' id='word_1_119' title='bbox 621 2030 652 2083; x_wconf 87' lang='lat' dir='ltr'><strong>et</strong></span> <span class='ocrx_word' id='word_1_120' title='bbox 665 2024 829 2082; x_wconf 78' lang='lat' dir='ltr'><strong>tristissima</strong></span> <span class='ocrx_word' id='word_1_121' title='bbox 842 2043 972 2099; x_wconf 88' lang='lat' dir='ltr'><strong>quaeque</strong></span> <span class='ocrx_word' id='word_1_122' title='bbox 996 2028 1127 2084; x_wconf 83' lang='lat' dir='ltr'><strong>maxime</strong></span> 
     </span>
     <span class='ocr_line' id='line_1_19' title="bbox 254 2124 1128 2196; baseline -0.002 -10"><span class='ocrx_word' id='word_1_123' title='bbox 254 2130 453 2187; x_wconf 76' lang='lat' dir='ltr'><strong>occultantem</strong></span> <span class='ocrx_word' id='word_1_124' title='bbox 475 2125 629 2185; x_wconf 73' lang='lat' dir='ltr'><strong>Tiberium</strong></span> <span class='ocrx_word' id='word_1_125' title='bbox 653 2127 813 2196; x_wconf 89' lang='lat' dir='ltr'><strong>perpulere,</strong></span> <span class='ocrx_word' id='word_1_126' title='bbox 828 2130 859 2181; x_wconf 92' lang='lat' dir='ltr'><strong>ut</strong></span> <span class='ocrx_word' id='word_1_127' title='bbox 884 2124 1009 2181; x_wconf 86' lang='lat' dir='ltr'><strong>Dmsum</strong></span> <span class='ocrx_word' id='word_1_128' title='bbox 1033 2125 1128 2184; x_wconf 90' lang='lat' dir='ltr'><strong>lilium</strong></span> 
     </span>
     <span class='ocr_line' id='line_1_20' title="bbox 255 2223 1129 2301; baseline -0.005 -15"><span class='ocrx_word' id='word_1_129' title='bbox 255 2244 323 2286; x_wconf 90' lang='lat' dir='ltr'><strong>cum</strong></span> <span class='ocrx_word' id='word_1_130' title='bbox 350 2226 520 2301; x_wconf 80' lang='lat' dir='ltr'><strong>primoribus</strong></span> <span class='ocrx_word' id='word_1_131' title='bbox 546 2223 680 2282; x_wconf 87' lang='lat' dir='ltr'><strong>civitatis</strong></span> <span class='ocrx_word' id='word_1_132' title='bbox 705 2223 871 2298; x_wconf 88' lang='lat' dir='ltr'><strong>duabusque</strong></span> <span class='ocrx_word' id='word_1_133' title='bbox 899 2223 1050 2296; x_wconf 83' lang='lat' dir='ltr'><strong>praetoriis</strong></span> <span class='ocrx_word' id='word_1_134' title='bbox 1078 2241 1129 2282; x_wconf 91' lang='lat' dir='ltr'><strong>co-</strong></span> 
     </span>
     <span class='ocr_line' id='line_1_21' title="bbox 255 2320 1127 2392; baseline -0.001 -10"><span class='ocrx_word' id='word_1_135' title='bbox 255 2325 386 2383; x_wconf 82' lang='lat' dir='ltr'><strong>hortibus</strong></span> <span class='ocrx_word' id='word_1_136' title='bbox 399 2325 535 2392; x_wconf 87' lang='lat' dir='ltr'><strong>mitteret,</strong></span> <span class='ocrx_word' id='word_1_137' title='bbox 557 2323 648 2381; x_wconf 90' lang='lat' dir='ltr'><strong>nullis</strong></span> <span class='ocrx_word' id='word_1_138' title='bbox 662 2322 732 2379; x_wconf 82' lang='lat' dir='ltr'><strong>salis</strong></span> <span class='ocrx_word' id='word_1_139' title='bbox 755 2321 843 2378; x_wconf 84' lang='lat' dir='ltr'><strong>certis</strong></span> <span class='ocrx_word' id='word_1_140' title='bbox 858 2320 1018 2391; x_wconf 82' lang='lat' dir='ltr'><strong>mandatis3</strong></span> <span class='ocrx_word' id='word_1_141' title='bbox 1037 2340 1079 2379; x_wconf 86' lang='lat' dir='ltr'><strong>ex</strong></span> <span class='ocrx_word' id='word_1_142' title='bbox 1093 2340 1127 2381; x_wconf 94' lang='lat' dir='ltr'><strong>re</strong></span> 
     </span>
     <span class='ocr_line' id='line_1_22' title="bbox 255 2419 1128 2493; baseline -0.001 -12"><span class='ocrx_word' id='word_1_143' title='bbox 255 2425 460 2482; x_wconf 84' lang='lat' dir='ltr'><strong>consultumm.</strong></span> <span class='ocrx_word' id='word_1_144' title='bbox 488 2428 519 2478; x_wconf 85' lang='lat' dir='ltr'><strong>et</strong></span> <span class='ocrx_word' id='word_1_145' title='bbox 545 2421 680 2478; x_wconf 87' lang='lat' dir='ltr'><strong>cobortes</strong></span> <span class='ocrx_word' id='word_1_146' title='bbox 706 2421 823 2477; x_wconf 85' lang='lat' dir='ltr'><strong>delecto</strong></span> <span class='ocrx_word' id='word_1_147' title='bbox 849 2419 942 2477; x_wconf 84' lang='lat' dir='ltr'><strong>milite</strong></span> <span class='ocrx_word' id='word_1_148' title='bbox 969 2437 1057 2493; x_wconf 81' lang='lat' dir='ltr'><strong>supra</strong></span> <span class='ocrx_word' id='word_1_149' title='bbox 1080 2440 1128 2480; x_wconf 89' lang='lat' dir='ltr'><strong>so·</strong></span> 
     </span>
     <span class='ocr_line' id='line_1_23' title="bbox 255 2518 1129 2595; baseline -0.003 -14"><span class='ocrx_word' id='word_1_150' title='bbox 255 2523 339 2581; x_wconf 87' lang='lat' dir='ltr'><strong>litum</strong></span> <span class='ocrx_word' id='word_1_151' title='bbox 353 2522 493 2580; x_wconf 78' lang='lat' dir='ltr'><strong>firmatae.</strong></span> <span class='ocrx_word' id='word_1_152' title='bbox 516 2520 631 2577; x_wconf 87' lang='lat' dir='ltr'><strong>additur</strong></span> <span class='ocrx_word' id='word_1_153' title='bbox 644 2536 750 2592; x_wconf 79' lang='lat' dir='ltr'><strong>magna</strong></span> <span class='ocrx_word' id='word_1_154' title='bbox 772 2536 837 2592; x_wconf 86' lang='lat' dir='ltr'><strong>pars</strong></span> <span class='ocrx_word' id='word_1_155' title='bbox 857 2518 1032 2592; x_wconf 83' lang='lat' dir='ltr'><strong>praetoriani</strong></span> <span class='ocrx_word' id='word_1_156' title='bbox 1046 2521 1129 2595; x_wconf 86' lang='lat' dir='ltr'><strong>equi·</strong></span> 
     </span>
     <span class='ocr_line' id='line_1_24' title="bbox 232 2613 1130 2692; baseline 0 -15"><span class='ocrx_word' id='word_1_157' title='bbox 232 2621 294 2678; x_wconf 81' lang='lat' dir='ltr'><strong>&#39;tis</strong></span> <span class='ocrx_word' id='word_1_158' title='bbox 307 2623 338 2676; x_wconf 87' lang='lat' dir='ltr'><strong>et</strong></span> <span class='ocrx_word' id='word_1_159' title='bbox 361 2618 462 2676; x_wconf 85' lang='lat' dir='ltr'><strong>robora</strong></span> <span class='ocrx_word' id='word_1_160' title='bbox 483 2617 704 2683; x_wconf 79' lang='lat' dir='ltr'><strong>Germanorum,</strong></span> <span class='ocrx_word' id='word_1_161' title='bbox 724 2615 773 2692; x_wconf 82' lang='lat' dir='ltr'><strong>qui</strong></span> <span class='ocrx_word' id='word_1_162' title='bbox 797 2622 857 2674; x_wconf 86' lang='lat' dir='ltr'><strong>tum</strong></span> <span class='ocrx_word' id='word_1_163' title='bbox 878 2619 1013 2674; x_wconf 78' lang='lat' dir='ltr'><strong>custodes</strong></span> <span class='ocrx_word' id='word_1_164' title='bbox 1034 2613 1130 2692; x_wconf 81' lang='lat' dir='ltr'><strong>imp&#39;e·</strong></span> 
     </span>
     <span class='ocr_line' id='line_1_25' title="bbox 256 2715 1127 2789; baseline -0.001 -12"><span class='ocrx_word' id='word_1_165' title='bbox 256 2716 343 2777; x_wconf 85' lang='lat' dir='ltr'><strong>ratori</strong></span> <span class='ocrx_word' id='word_1_166' title='bbox 369 2716 490 2775; x_wconf 84' lang='lat' dir='ltr'><strong>aderant</strong></span> <span class='ocrx_word' id='word_1_167' title='bbox 503 2731 519 2772; x_wconf 74' lang='grc' dir='ltr'><strong>ε·</strong></span> <span class='ocrx_word' id='word_1_168' title='bbox 542 2715 627 2772; x_wconf 88' lang='lat' dir='ltr'><strong>simul</strong></span> <span class='ocrx_word' id='word_1_169' title='bbox 654 2715 791 2788; x_wconf 88' lang='lat' dir='ltr'><strong>praetorii</strong></span> <span class='ocrx_word' id='word_1_170' title='bbox 818 2716 989 2789; x_wconf 85' lang='lat' dir='ltr'><strong>praelectus,</strong></span> <span class='ocrx_word' id='word_1_171' title='bbox 1019 2717 1127 2776; x_wconf 86' lang='lat' dir='ltr'><strong>Aelius</strong></span> 
     </span>
     <span class='ocr_line' id='line_1_26' title="bbox 258 2809 1128 2890; baseline 0 -17"><span class='ocrx_word' id='word_1_172' title='bbox 258 2815 393 2881; x_wconf 78' lang='lat' dir='ltr'><strong>Seianus,</strong></span> <span class='ocrx_word' id='word_1_173' title='bbox 416 2816 531 2890; x_wconf 79' lang='lat' dir='ltr'><strong>collega</strong></span> <span class='ocrx_word' id='word_1_174' title='bbox 553 2813 699 2883; x_wconf 87' lang='lat' dir='ltr'><strong>Straboni,</strong></span> <span class='ocrx_word' id='word_1_175' title='bbox 723 2809 878 2888; x_wconf 67' lang='lat' dir='ltr'><strong>patrilsuo,</strong></span> <span class='ocrx_word' id='word_1_176' title='bbox 900 2814 1002 2881; x_wconf 72' lang='lat' dir='ltr'><strong>datus,</strong></span> <span class='ocrx_word' id='word_1_177' title='bbox 1017 2833 1128 2889; x_wconf 85' lang='lat' dir='ltr'><strong>magna</strong></span> 
     </span>
     <span class='ocr_line' id='line_1_27' title="bbox 256 2899 1132 2990; baseline -0.003 -16"><span class='ocrx_word' id='word_1_178' title='bbox 256 2916 332 2990; x_wconf 73' lang='lat' dir='ltr'><strong>apud</strong></span> <span class='ocrx_word' id='word_1_179' title='bbox 347 2912 500 2973; x_wconf 75' lang='lat' dir='ltr'><strong>&#39;l&#39;iberium</strong></span> <span class='ocrx_word' id='word_1_180' title='bbox 523 2912 704 2980; x_wconf 88' lang='lat' dir='ltr'><strong>auctoritate,</strong></span> <span class='ocrx_word' id='word_1_181' title='bbox 718 2920 812 2970; x_wconf 87' lang='lat' dir='ltr'><strong>rector</strong></span> <span class='ocrx_word' id='word_1_182' title='bbox 830 2911 941 2980; x_wconf 86' lang='lat' dir='ltr'><strong>iuveni,</strong></span> <span class='ocrx_word' id='word_1_183' title='bbox 964 2921 995 2969; x_wconf 88' lang='lat' dir='ltr'><strong>et</strong></span> <span class='ocrx_word' id='word_1_184' title='bbox 1016 2899 1132 2983; x_wconf 78' lang='lat' dir='ltr'><strong>ceteris</strong></span> 
     </span>
     <span class='ocr_line' id='line_1_28' title="bbox 256 3011 1127 3093; baseline 0 -22"><span class='ocrx_word' id='word_1_185' title='bbox 256 3012 448 3093; x_wconf 83' lang='lat' dir='ltr'><strong>psrlculomm</strong></span> <span class='ocrx_word' id='word_1_186' title='bbox 472 3011 718 3086; x_wconf 86' lang='lat' dir='ltr'><strong>praemiorumque</strong></span> <span class='ocrx_word' id='word_1_187' title='bbox 741 3016 909 3068; x_wconf 87' lang='lat' dir='ltr'><strong>ostentator.</strong></span> <span class='ocrx_word' id='word_1_188' title='bbox 951 3011 1047 3068; x_wconf 88' lang='lat' dir='ltr'><strong>Dmso</strong></span> <span class='ocrx_word' id='word_1_189' title='bbox 1061 3030 1127 3085; x_wconf 86' lang='lat' dir='ltr'><strong>pro·</strong></span> 
     </span>
     <span class='ocr_line' id='line_1_29' title="bbox 257 3108 1124 3191; baseline -0.008 -17"><span class='ocrx_word' id='word_1_190' title='bbox 257 3111 419 3191; x_wconf 82' lang='lat' dir='ltr'><strong>pinquanti,</strong></span> <span class='ocrx_word' id='word_1_191' title='bbox 431 3111 513 3188; x_wconf 84' lang='lat' dir='ltr'><strong>quasi</strong></span> <span class='ocrx_word' id='word_1_192' title='bbox 536 3129 587 3184; x_wconf 82' lang='lat' dir='ltr'><strong>per</strong></span> <span class='ocrx_word' id='word_1_193' title='bbox 599 3110 735 3174; x_wconf 82' lang='lat' dir='ltr'><strong>officium,</strong></span> <span class='ocrx_word' id='word_1_194' title='bbox 755 3110 861 3168; x_wconf 87' lang='lat' dir='ltr'><strong>obviae</strong></span> <span class='ocrx_word' id='word_1_195' title='bbox 881 3108 960 3166; x_wconf 85' lang='lat' dir='ltr'><strong>luere</strong></span> <span class='ocrx_word' id='word_1_196' title='bbox 983 3110 1124 3183; x_wconf 81' lang='lat' dir='ltr'><strong>legiones,</strong></span> 
     </span>
     <span class='ocr_line' id='line_1_30' title="bbox 256 3206 1125 3283; baseline -0.008 -9"><span class='ocrx_word' id='word_1_197' title='bbox 256 3233 316 3274; x_wconf 90' lang='lat' dir='ltr'><strong>nou</strong></span> <span class='ocrx_word' id='word_1_198' title='bbox 344 3216 449 3279; x_wconf 84' lang='lat' dir='ltr'><strong>laetae,</strong></span> <span class='ocrx_word' id='word_1_199' title='bbox 471 3217 503 3268; x_wconf 85' lang='lat' dir='ltr'><strong>ut</strong></span> <span class='ocrx_word' id='word_1_200' title='bbox 526 3211 649 3277; x_wconf 87' lang='lat' dir='ltr'><strong>adsolet,</strong></span> <span class='ocrx_word' id='word_1_201' title='bbox 671 3226 765 3283; x_wconf 88' lang='lat' dir='ltr'><strong>neque</strong></span> <span class='ocrx_word' id='word_1_202' title='bbox 785 3207 946 3282; x_wconf 77' lang='lat' dir='ltr'><strong>insignibus</strong></span> <span class='ocrx_word' id='word_1_203' title='bbox 967 3206 1125 3281; x_wconf 77' lang='lat' dir='ltr'><strong>fulgentes,</strong></span> 
     </span>
     <span class='ocr_line' id='line_1_31' title="bbox 255 3303 1124 3382; baseline -0.006 -11"><span class='ocrx_word' id='word_1_204' title='bbox 255 3303 315 3371; x_wconf 79' lang='lat' dir='ltr'><strong>sed</strong></span> <span class='ocrx_word' id='word_1_205' title='bbox 337 3312 450 3370; x_wconf 85' lang='lat' dir='ltr'><strong>inluvie</strong></span> <span class='ocrx_word' id='word_1_206' title='bbox 474 3308 604 3373; x_wconf 76' lang='lat' dir='ltr'><strong>deformi,</strong></span> <span class='ocrx_word' id='word_1_207' title='bbox 631 3313 662 3365; x_wconf 92' lang='lat' dir='ltr'><strong>et</strong></span> <span class='ocrx_word' id='word_1_208' title='bbox 690 3309 781 3375; x_wconf 87' lang='lat' dir='ltr'><strong>vultu,</strong></span> <span class='ocrx_word' id='word_1_209' title='bbox 807 3323 980 3382; x_wconf 87' lang='lat' dir='ltr'><strong>quamquam</strong></span> <span class='ocrx_word' id='word_1_210' title='bbox 1006 3308 1124 3366; x_wconf 84' lang='lat' dir='ltr'><strong>maesti·</strong></span> 
     </span>
     <span class='ocr_line' id='line_1_32' title="bbox 201 3405 1124 3506; baseline -0.003 -39"><span class='ocrx_word' id='word_1_211' title='bbox 201 3411 327 3506; x_wconf 63' lang='lat' dir='ltr'><strong>25tiam</strong></span> <span class='ocrx_word' id='word_1_212' title='bbox 352 3409 549 3476; x_wconf 81' lang='lat' dir='ltr'><strong>imitarentur,</strong></span> <span class='ocrx_word' id='word_1_213' title='bbox 580 3405 783 3464; x_wconf 88' lang='lat' dir='ltr'><strong>contumaciae</strong></span> <span class='ocrx_word' id='word_1_214' title='bbox 816 3406 974 3477; x_wconf 88' lang='lat' dir='ltr'><strong>propiores.</strong></span> <span class='ocrx_word' id='word_1_215' title='bbox 1005 3411 1015 3472; x_wconf 80' lang='lat' dir='ltr'><strong>l</strong></span> <span class='ocrx_word' id='word_1_216' title='bbox 1039 3405 1124 3464; x_wconf 84' lang='lat' dir='ltr'><strong>Post·</strong></span> 
     </span>
     <span class='ocr_line' id='line_1_33' title="bbox 254 3502 1122 3588; baseline -0.008 -21"><span class='ocrx_word' id='word_1_217' title='bbox 254 3523 341 3588; x_wconf 83' lang='lat' dir='ltr'><strong>quam</strong></span> <span class='ocrx_word' id='word_1_218' title='bbox 365 3508 478 3563; x_wconf 72' lang='lat' dir='ltr'><strong>sallum</strong></span> <span class='ocrx_word' id='word_1_219' title='bbox 504 3505 628 3575; x_wconf 86' lang='lat' dir='ltr'><strong>introiit,</strong></span> <span class='ocrx_word' id='word_1_220' title='bbox 654 3509 751 3580; x_wconf 83' lang='lat' dir='ltr'><strong>portas</strong></span> <span class='ocrx_word' id='word_1_221' title='bbox 782 3502 956 3562; x_wconf 86' lang='lat' dir='ltr'><strong>stationibus</strong></span> <span class='ocrx_word' id='word_1_222' title='bbox 987 3504 1122 3563; x_wconf 84' lang='lat' dir='ltr'><strong>firmant:</strong></span> 
     </span>
    </p>
   </div>
   <div class='ocr_carea' id='block_1_3' title="bbox 0 0 1234 4267">
    <p class='ocr_par' dir='ltr' id='par_1_3' title="bbox 0 0 1234 4267">
     <span class='ocr_line' id='line_1_34' title="bbox 0 0 1234 4267; baseline 0 0"><span class='ocrx_word' id='word_1_223' title='bbox 0 0 1234 4267; x_wconf 95' lang='lat' dir='ltr'><strong> </strong></span> 
     </span>
    </p>
   </div>
  </div>
 </body>
</html>
