2459 4267
238 305 285 355 xir
561 295 782 355 Parnasum.

237 457 369 545 potitus,
392 472 503 541 pacem
520 473 686 537 moresque
703 454 827 531 intulit;
852 461 885 517 et
900 455 982 518 inter
997 461 1111 519 cetera

238 562 359 647 imperii
389 561 503 634 munia,
534 560 639 621 literas
670 571 817 643 artesque
848 563 1024 645 amplexus,
1051 582 1109 624 eas

237 668 436 757 pmvideotia
451 675 482 729 et
499 666 685 728 liberalitate
702 667 827 729 refovit.
874 668 910 730 ln
928 668 986 729 bac
1003 688 1110 730 renas·

238 776 338 839 centis
355 774 457 837 Urbis
473 771 710 854 tranquillitate,
724 770 859 836 Tacitus
875 793 1004 857 operam
1015 772 1111 836 dedit

236 879 446 962 eloquentiae,
470 878 562 959 cujus
586 886 620 939 ut
643 877 723 940 inter
746 886 920 962 temporum
943 878 1045 940 tristia
1067 878 1108 939 ad

240 983 441 1069 praesidium,
457 983 505 1044 sic
521 982 601 1044 iuter
624 982 704 1044 laeta
718 982 758 1043 ad
782 984 881 1058 decus
897 984 945 1044 vis
962 983 1108 1067 plurima.

240 1088 365 1152 Gnarus
387 1095 491 1150 autem
513 1096 667 1149 oratorem
693 1088 801 1150 melius
823 1089 989 1171 exemplis,
1013 1108 1111 1171 quam

240 1196 434 1280 praeceptis,
447 1195 576 1270 institui,
597 1195 645 1256 Μ.
662 1195 785 1279 Aprum
800 1203 832 1256 et
848 1193 968 1257 lulium
986 1192 1111 1257 Secun-

241 1302 327 1377 dum,
350 1302 555 1364 celeberrima
577 1309 643 1363 tum
667 1301 725 1364 lori
756 1300 888 1382 ingenia,
913 1300 1054 1362 domist
1078 1300 1110 1362 in

240 1407 370 1492 publico
385 1407 565 1468 adsectatus
581 1413 653 1469 eat-¹

285 1513 339 1574 Ad
363 1512 418 1574 has
442 1512 615 1574 studiorum
639 1531 730 1573 curas
754 1530 828 1572 sane
852 1529 1018 1572 accessere
1039 1529 1110 1572 cas·

241 1619 356 1682 transia
379 1617 545 1701 stipendia.
592 1617 631 1679 Id
654 1618 736 1679 enim
760 1617 845 1701 apud
868 1615 1027 1678 Romanos
1052 1635 1110 1700 op·

242 1723 315 1785 time
333 1724 517 1796 institutum,
539 1730 572 1784 nt
583 1722 723 1805 juvenis,
740 1722 837 1783 literis
854 1722 1001 1797 imbutus,
1019 1739 1111 1783 auam
1185 1733 1187 1739 '

241 1827 271 1891 iu
288 1830 399 1890 castris
415 1829 599 1891 industriam
616 1827 827 1912 adprobaret:
855 1829 901 1888 sic
918 1827 997 1888 civis
1016 1846 1109 1901 unus,
1141 1877 1143 1884 χ

241 1933 295 1996 vix
315 1933 517 2015 juventutem
541 1934 711 2013 ingressus,
735 1933 773 1993 ad
798 1934 899 1994 omnia
915 1932 1110 2016 reipublicae

240 2040 344 2101 munia
362 2040 597 2120 accingebatur.
644 2036 791 2112 Tacitus,
815 2037 853 2098 iis
876 2047 1002 2121 paratus
1018 2057 1111 2100 exer·

241 2144 337 2220 ciliis,
348 2165 447 2227 eaque
459 2151 572 2218 aetate,
585 2164 647 2226 qua
656 2144 694 2204 ad
708 2144 842 2205 honores
854 2143 979 2227 patebat
992 2142 1111 2218 aditus,

242 2249 473 2334 Vespasianum
492 2250 655 2312 inchoatae
679 2270 753 2311 suae
771 2251 929 2329 dignitatis
945 2258 1110 2311 auctorem

241 2354 374 2417 babuit.¹
407 2356 428 2417 J
434 2356 536 2427 uveni,
554 2357 607 2437 qui
625 2356 653 2415 in
670 2355 823 2435 egregiam
842 2375 929 2438 spem
947 2354 1110 2415 adolesce-

241 2458 306 2532 bat,
329 2459 420 2519 liliam
445 2480 531 2520 suam
555 2460 725 2541 despondit
749 2460 866 2523 Cneius
890 2460 995 2522 Julius
1014 2459 1110 2540 Agri·

242 2560 320 2633 cola,
352 2561 460 2622 consul
499 2581 578 2621 anuo
615 2560 717 2623 Urbis
756 2563 900 2626 conditae
932 2581 1108 2637 ccccxxx,

241 2685 279 2727 ac
307 2666 600 2748 postconsulatum
632 2668 822 2730 collocavit}l
866 2667 978 2731 Soceri
1006 2668 1108 2730 decus
1157 2708 1160 2712 .

241 2789 357 2851 genero
388 2790 502 2831 navum
539 2771 596 2832 suit
636 2774 830 2834 claritudinis
865 2772 1108 2855 adjumentum3

241 2875 375 2959 ejusque
391 2874 571 2956 dignitatem
588 2877 675 2939 auxit
692 2876 812 2939 Timar

284 2981 413 3042 interim
436 2981 510 3043 nibil
536 2982 575 3045 de
602 2983 715 3046 studiis
739 3006 755 3043 a
780 2984 897 3046 Tacito
921 2986 1107 3048 remissum:

241 3087 334 3150 immo
357 3088 386 3150 in
403 3108 448 3149 ea
470 3095 555 3151 tantu
578 3090 682 3151 acrius
704 3090 874 3164 serebatur,
899 3092 983 3172 quod
1008 3110 1043 3151 se
1067 3090 1108 3151 ad

241 3214 359 3256 summa
382 3193 518 3276 genitum
543 3195 799 3279 persentisceret,
823 3205 858 3256 et
882 3196 911 3258 in
935 3197 1002 3258 loro
1026 3216 1109 3277 mag·

241 3320 313 3362 num
341 3320 452 3362 nomen
483 3301 630 3373 audentia
653 3308 686 3362 et
712 3302 830 3387 impetu
858 3303 986 3377 certius,
1014 3323 1108 3383 quam

269 3468 279 3501 ¹
290 3466 364 3513 Tacit.
377 3467 467 3527 Dialog.
475 3469 504 3514 de
513 3468 577 3515 Orat.
589 3484 639 3531 cap.
650 3473 672 3519 2.
839 3471 852 3503 ²
862 3469 937 3514 Tacit.
950 3468 1042 3542 Hirti.
1056 3472 1075 3515 l.

270 3545 282 3582 ²
292 3545 366 3595 Tacit.
378 3545 427 3596 vtt.
438 3547 536 3607 Agricol.
548 3562 597 3611 cap.
607 3551 630 3596 9.
843 3548 854 3579 ⁴
864 3547 937 3594 Tacit.
949 3546 1009 3594 Hist.
1023 3548 1040 3605 l,
1053 3550 1085 3594 l..
