2459 4267
97 372 228 421 aeas.
322 373 393 421 ura.
419 358 468 422 va
517 374 597 423 cae.
624 354 757 422 abab.
900 354 971 422 257

94 544 216 587 sinaeum
229 541 265 585 ac
277 526 432 585 Tiberium
444 529 670 587 minnsdueenti
679 528 889 604 quinquaginta
902 530 975 587 anni
1027 592 1033 605 ,

94 627 224 683 fuerunt.
246 628 323 684 unde
345 627 480 684 nonnulli
500 627 604 684 falsum
623 629 702 686 bunc
723 628 911 702 phoenicem,
924 646 975 686 ne·

67 802 70 809 .
95 743 156 801 qne
173 727 302 782 Arabum
317 743 335 781 e
350 725 435 782 terris
453 726 613 794 credidere,
636 727 767 803 nihilque
788 727 973 800 usurpavisse

97 842 138 883 ex
154 823 209 891 bis,
222 841 297 898 quae
311 830 397 881 vetus
412 825 550 893 memoria
564 827 702 884 firmavit.
716 826 853 883 conlecto
865 826 973 900 quipipe

96 937 241 979 annorum
257 912 384 987 numero,
399 924 449 980 ubi
469 941 545 981 mors
567 924 749 1000 propinquet,
768 925 829 981 suis
843 924 875 982 in
889 925 973 982 terris

97 1027 211 1079 struere
235 1021 346 1090 nidum,
370 1024 455 1097 eique
480 1023 541 1080 vim
562 1025 722 1097 genitalem
746 1024 913 1093 adfundere,
933 1041 973 1082 ex

82 1138 157 1199 ‘qua
171 1120 281 1177 loetum
293 1120 380 1177 oriri:
400 1127 431 1177 et
447 1121 570 1194 primam
583 1124 683 1180 adulto
696 1140 795 1180 curam
809 1122 974 1197 sepeliendi

97 1218 209 1294 patris:
230 1236 325 1293 neque
343 1220 374 1277 id
396 1227 516 1285 temere,
539 1223 590 1277 sed
613 1224 728 1278 sublato
751 1223 883 1279 murrbae
903 1240 973 1295 pou·

97 1320 181 1387 dere,
195 1324 362 1393 tentatoque
383 1337 435 1391 per
456 1322 575 1393 tongum
591 1319 656 1387 iter,
674 1320 723 1377 nbi
745 1337 797 1393 par
809 1321 900 1388 oneri,
921 1338 973 1394 par

98 1419 211 1478 meatui
230 1418 279 1485 sit,
297 1418 393 1476 subire
415 1418 543 1493 patrium
559 1435 673 1491 corpus,
691 1419 779 1494 inque
795 1419 872 1476 Solis
892 1435 973 1476 aram

97 1516 226 1593 perferre
253 1524 339 1591 atque
366 1517 493 1574 adolere.
535 1519 620 1575 Haec
642 1518 756 1576 ineerta
775 1523 809 1576 et
832 1518 972 1576 fabulosis

98 1621 198 1673 aucta.
240 1615 378 1672 Ceterum
399 1615 512 1689 adspici
529 1615 686 1691 aliqnando
705 1619 738 1675 in
752 1620 893 1693 Aegypto
905 1633 971 1677 eam
1009 1607 1013 1614 ’

99 1717 252 1773 volucrem
280 1731 340 1771 non
367 1715 533 1789 ambigitur.
575 1717 618 1773 At
643 1717 766 1784 Romae,
788 1719 880 1775 caede
901 1709 1026 1774 oon-29

98 1813 193 1879 tinua,
214 1813 392 1886 Pomponius
418 1814 527 1879 Labeo,
551 1832 638 1889 quern
657 1815 816 1889 praefuisse
836 1815 969 1872 Moesiae

98 1912 197 1982 retuli,
216 1930 268 1985 per
281 1914 417 1984 abruptas
432 1930 524 1969 venas
542 1910 718 1987 sangninem
729 1913 846 1970 effudit:
874 1930 970 1973 aemu-

68 2062 69 2067 ,
99 2013 217 2085 lataque
232 2017 274 2068 est
289 2011 419 2068 coninua
435 2011 565 2069 Paxaea.
586 2028 657 2070 nam
668 2019 814 2086 promptas
827 2011 972 2068 eiusmodi

99 2115 212 2167 mortes
232 2116 328 2167 metue
343 2111 489 2168 carnificis
512 2111 658 2168 iaciebat:
688 2116 718 2166 et
741 2111 808 2184 quia
829 2108 973 2177 damuati,

97 2209 259 2284 publicatis
271 2209 363 2276 bonis,
376 2212 523 2282 sepultura
536 2209 780 2282 prohibebantur:
802 2208 971 2282 eorum,qui

98 2308 137 2366 de
164 2324 197 2364 ae
222 2311 401 2373 statuebam,
432 2310 625 2366 humabantur
651 2325 781 2382 corpora,
811 2309 970 2366 manebant
1047 2304 1051 2311 ’

98 2412 287 2471 testamenta,
305 2407 428 2479 pretium
448 2407 616 2465 festinandi.
659 2408 717 2465 Sed
734 2407 852 2473 Caesar,
873 2406 972 2467 missis

98 2507 138 2569 ad
152 2507 294 2564 Senatum
309 2505 423 2571 litteris,
442 2505 588 2572 disseruit,
608 2513 740 2565 ‘morem
752 2506 840 2563 luisse
854 2506 969 2564 maiori·

98 2606 178 2671 ‘boa
188 2605 322 2678 quotiens
335 2604 504 2662 dirimerent
517 2605 672 2673 amicitias,
686 2606 860 2664 interdicere
871 2609 972 2674 domo,

43 2709 46 2718 '
98 2706 241 2776 ‘eumque
260 2703 349 2761 finem
368 2703 479 2777 gratiae
499 2722 625 2777 ponere:
644 2704 675 2762 id
696 2723 728 2763 se
747 2706 919 2780 repetivisse
936 2705 970 2763 in

98 2801 269 2860 ‘Labeone
283 2808 368 2876 atque
390 2802 483 2871 illum,
503 2804 569 2878 quia
583 2806 660 2862 male
674 2806 891 2864 administratae
907 2821 970 2879 pro·

99 2899 240 2957 ‘vineias
266 2901 444 2974 aliorumque
475 2902 629 2960 criminum
662 2907 824 2977 urgebatur,
851 2907 971 2976 culpam

99 2997 233 3055 ‘invidia
255 3001 422 3060 velavisse:
450 3000 555 3091 lrpst'ra
574 3003 733 3059 conterrita
753 3019 858 3066 uxore,
872 3018 972 3074 quam,

98 3097 175 3154 ‘etsi
202 3103 368 3164 nocentem,
402 3100 524 3171 periculi
558 3106 656 3157 tamen
687 3105 843 3171 expertem.
863 3098 974 3155 luisse?

100 3194 267 3252 Mamercus
287 3197 356 3253 dein
378 3197 503 3255 Scaurus
528 3214 638 3253 rursum
659 3199 825 3269 postulatur,
844 3195 972 3270 insignis

99 3292 255 3351 nobilitate
279 3301 310 3351 et
332 3296 453 3352 orandis
476 3294 596 3361 caussis,
625 3294 687 3351 vita
714 3296 874 3366 probrosus,
895 3294 971 3352 nihil

98 3391 178 3448 huno
192 3392 324 3449 amicitia
339 3393 455 3459 Seiani,
470 3394 528 3450 sed.
538 3391 676 3450 labefecit
695 3393 772 3448 haud
788 3391 883 3448 minus
897 3392 984 3450 vali·‘

99 3490 167 3546 dnm
188 3490 230 3547 ad
248 3489 341 3547 exilia
370 3491 519 3550 Macronis
544 3491 653 3558 odium,
680 3491 729 3567 qui
755 3491 873 3548 easdem
893 3497 975 3551 artes

20 3572 24 3578 ’
100 3588 244 3646 occultius
268 3592 445 3650 exercebat:
475 3593 675 3671 detuleratque
696 3595 901 3668 argumentum
915 3595 976 3648 tan·

141 3703 212 3745 ron.
232 3705 260 3746 ι.
534 3685 601 3747 22*
