2459 4267
284 360 359 435 262
584 360 588 373 '
620 366 807 428 annuum·
1010 380 1040 427 s.
1054 378 1086 429 r.
1102 380 1162 427 aaa*

285 552 367 604 emo,
388 550 446 611 qno
474 534 593 593 brevius
623 536 736 601 valent,
765 530 862 591 contis
896 531 1061 606 gladiisque
1095 548 1157 587 rue
1211 516 1212 531 ¹

171 638 178 653 '
286 642 370 705 sectr
394 635 481 693 modo
499 634 642 710 equestris
666 631 770 708 proelii
790 649 880 699 more,
900 631 1004 689 frontis
1025 638 1057 690 et
1080 630 1158 705 tergi

286 735 391 793 vices:
415 735 581 810 aliqnando,
594 738 637 791 'nt
664 733 794 791 conserta
817 730 907 799 acies,
930 731 1101 804 corporibus
1126 733 1157 786 et

286 836 371 909 pulsu
397 850 539 892 armornm
563 833 714 906 pellerent,
739 833 924 905 pellerentur.
979 831 1101 904 lamque
1124 831 1155 885 et

288 932 400 992 Albani
429 931 583 1005 lberiqus,
608 947 756 1004 prensare,
796 930 959 997 detrudere,
993 927 1156 1001 ancipitem

287 1048 412 1107 pugnam
446 1030 578 1089 hostibus
601 1030 709 1087 tacere.
751 1028 832 1102 Quos
844 1045 940 1103 super,
959 1046 1057 1102 eques,
1086 1030 1158 1084 ete

287 1128 469 1205 propiorlbus
490 1129 659 1187 vulneribus
693 1128 814 1202 pedites'
837 1126 1036 1185 addictabent.
1077 1127 1158 1183 Inter

148 1234 158 1252 ‘
217 1308 219 1313 Α
288 1245 361 1305 qnae
376 1228 589 1287 Pharasmanes
600 1222 780 1305 Orodesque,
798 1229 866 1286 dum
890 1227 1018 1285 strenuis
1042 1228 1158 1292 adsunt,

288 1334 337 1387 ant
351 1328 549 1387 dubitantibus
571 1327 757 1395 subveniunt,
771 1326 932 1402 conspicui,
955 1342 1050 1402 eoque
1064 1323 1157 1400 gnari,

289 1429 426 1493 clamore,
439 1424 517 1491 telis,
536 1429 618 1501 equis
639 1432 830 1485 concurrunt:
851 1424 1017 1509 instantius
1032 1425 1154 1481 Pharas·

289 1541 408 1583 manes:
431 1542 499 1582 uam
516 1526 621 1582 vulnus
642 1542 693 1599 per
706 1528 820 1599 galeam
841 1525 961 1597 adegit3
982 1541 1040 1581 uec
1054 1522 1159 1580 iterare

288 1622 391 1691 vetnit,
404 1624 549 1695 praelatus
563 1639 648 1698 equo,
658 1628 689 1680 et
713 1623 875 1681 fortissimis
894 1622 1054 1680 satellitum
1068 1627 1160 1694 prote·

289 1720 423 1796 gentibus
436 1720 576 1779 saucium.
619 1720 714 1779 Fama
728 1728 826 1780 temen
840 1721 941 1789 occisi,
955 1722 1029 1779 laiso
1039 1720 1159 1785 credita,

237 1821 429 1888 necutermit
452 1818 586 1888 Parthos,
607 1819 821 1895 victoriamque
852 1838 1036 1877 concessere.
1086 1818 1162 1876 Mor

291 1920 458 1979 Artabanus
472 1925 533 1977 tots
547 1922 624 1977 mole
637 1920 718 1994 regni
733 1921 824 1977 ultum
838 1918 882 1975 iit.
904 1917 1010 1990 peritis
1031 1920 1160 1975 locorum

290 2020 329 2077 ab
342 2019 435 2076 iberis
448 2017 551 2076 melius
571 2025 738 2094 pugnatum.
753 2036 809 2074 uec
829 2017 897 2075 ideo
910 2017 1095 2084 abscedebat,
1115 2012 1159 2083 ni,
1211 2038 1212 2055 1

290 2116 450 2175 contractis
473 2117 646 2190 legionibus,
672 2115 822 2182 Vitellius,
843 2121 873 2178 et
896 2115 1013 2172 subdito
1040 2131 1160 2182 rumore,
1211 2110 1212 2145 l

291 2220 438 2291 umquam
464 2214 706 2289 Mesopotamiam
728 2215 891 2283 invasurus,
904 2222 1013 2275 metum
1036 2211 1162 2273 Romani

291 2314 363 2372 belli
388 2315 515 2373 iecisset.
568 2313 650 2371 Tum
681 2312 788 2371 omissa
824 2315 975 2381 Armenia,
1002 2329 1160 2386 versaeque
1211 2318 1212 2377 ἦ

293 2412 439 2472 Artabani
454 2426 516 2482 ress
535 2411 689 2469 inliciente
716 2411 852 2480 Vitellio,
873 2412 1025 2469 desererent
1046 2411 1161 2486 Regem,

288 2525 404 2568 mmm
418 2508 449 2566 r’a
457 2526 537 2585 pace,
549 2515 575 2566 st
594 2507 720 2567 aduncis
728 2496 898 2585 proeliorum
911 2508 1065 2567 exitiosum.
1106 2508 1162 2583 igi«

293 2611 339 2665 tnr
353 2606 497 2664 Sinnaces
510 2624 596 2682 quem
610 2613 699 2664 antea
712 2590 857 2675 intensum
869 2609 1037 2673 memoravi,
1053 2614 1159 2683 patrem

293 2703 470 2775 Abnsgesen
495 2704 625 2777 aliosque
639 2710 772 2764 occultos
786 2705 957 2772 causidici
972 2712 1044 2764 tunc
1071 2705 1161 2763 couti·

291 2800 356 2860 nnis
382 2801 515 2858 cladibus
543 2805 744 2872 promptiores,
768 2807 803 2862 ad
831 2806 1030 2864 delectionem
1057 2805 1158 2863 trahit:
1211 2862 1212 2865 ,

291 2899 483 2961 adfluentibus
498 2901 657 2973 paullatim,
672 2905 729 2979 qui.
755 2910 834 2961 metu
846 2905 947 2978 magis.
966 2922 1053 2980 quam
1077 2906 1160 2961 bene·

292 2999 434 3059 volentis,
470 3000 604 3066 subiecti,
632 3003 753 3075 repertis
785 3004 951 3061 auctoribus
985 3005 1159 3061 sustulerant

293 3099 432 3159 animum.
475 3100 540 3157 Nec
554 3100 612 3156 iam
627 3100 704 3158 aliud
732 3103 883 3177 Artabano
897 3102 1049 3175 reliquum,
1069 3117 1165 3177 quam,-

294 3198 320 3257 ri
347 3199 395 3273 qui
416 3204 602 3258 externorum
637 3200 751 3272 corpori
777 3202 913 3256 custodes
941 3201 1073 3268 aderant,
1107 3200 1160 3256 suls

294 3298 414 3373 quisque
427 3297 543 3355 sedibus
556 3301 696 3365 extorres,
710 3298 773 3373 quis
788 3316 882 3372 neque
897 3298 967 3354 boni
986 3298 1160 3364 intellectus,

294 3414 388 3470 neque
404 3396 560 3462 malicum,
574 3396 626 3453 sed
651 3399 785 3454 mercede
807 3400 933 3463 aluntur,
954 3396 1081 3454 ministri
1103 3414 1160 3454 sce·

295 3494 411 3550 leribus.
454 3495 508 3551 His
523 3493 690 3565 adsumptis,
710 3495 741 3552 in
761 3495 919 3569 longinqua
939 3500 969 3551 et
983 3495 1161 3553 contermina
1183 3550 1185 3555 .

296 3590 440 3662 Scythiae
453 3591 550 3666 sugam
572 3592 935 3668 maturavit,spenuxilii;
955 3590 1039 3669 (quis
1052 3596 1159 3668 Hyrca·
1205 3648 1209 3663 ,
