2459 4267
995 113 1013 220 l

293 366 363 437 lbi
611 386 796 434 annnorum
1002 339 1040 437 ia.
1052 387 1082 435 v.
1100 393 1162 442 rra.

289 540 456 598 ‘Treveros
480 540 619 597 modoet
646 541 773 603 Aeduos,
797 539 848 594 sed
869 542 991 613 quatuor
1014 545 1044 597 et
1071 533 1181 618 s‘enaf¹

289 639 389 712 ‘ginta
404 638 565 697 Galliarum
579 636 716 695 civitates
734 620 912 694 descivisse:
937 640 1104 711 adsumptos
1128 639 1163 697 in

289 737 479 793 ‘societatem
491 737 672 793 Germanos:
694 735 813 792 ‘dubias
833 734 1016 808 Hispanias?
1037 743 1161 806 cuncta,

290 841 321 893 at
342 853 403 892 mos
430 834 532 900 lamae,
558 836 590 891 ln
619 835 710 891 maius
734 834 853 890 credita.
878 834 1004 906 optimus
1024 835 1160 913 quisque,

290 933 426 1004 Reipubl.
440 950 519 999 cura,
537 933 703 989 maerebatr
727 932 812 989 multi
825 932 893 988 odio
907 934 1110 1005 praesentium,
1125 937 1159 989 et
1226 985 1227 992 ,

289 1032 427 1101 cupidine
445 1030 623 1089 mutationis.
642 1032 701 1087 suis
721 1050 833 1105 quoque
853 1031 988 1105 periculis
1009 1034 1167 1112 laetabang

289 1134 354 1186 tur:
387 1129 634 1202 increpabantque
668 1129 833 1195 Tiberium,
866 1132 973 1205 ‘quod,
1006 1131 1038 1187 in
1073 1137 1160 1188 tanto

289 1231 401 1283 ‘rerum
415 1235 503 1292 motu,
523 1227 630 1283 libellis
644 1235 844 1286 accusatorum
858 1230 1015 1287 insumeret
1027 1246 1158 1301 operam.

290 1328 349 1383 ‘An
371 1325 478 1382 lulium
499 1327 685 1384 Sacrovirum
704 1328 863 1385 maiestatis
883 1328 1004 1386 crimine
1024 1345 1107 1385 reum
1127 1329 1160 1385 in

268 1471 270 1486 .
290 1425 421 1481 ‘Senatu
437 1422 520 1483 lore?
542 1425 690 1482 exstitisse
710 1429 829 1482 tandem
851 1427 936 1493 viros,
957 1426 1006 1500 qui
1019 1433 1160 1483 cruentas
1226 1425 1227 1462 f

290 1522 447 1594 ‘epistolas
460 1523 547 1580 armis
559 1524 739 1581 cohiberent.
755 1526 888 1581 miseram
903 1541 1004 1597 pacem
1017 1525 1161 1585 velg'bello

289 1623 385 1677 ‘bene
413 1619 534 1678 mutari)
589 1602 876 1696 Tanto'impensius
910 1622 940 1679 in
970 1622 1163 1680 securitatem

289 1719 475 1793 compositus,
500 1723 598 1794 neque
620 1723 694 1786 loco,
721 1738 815 1794 neque
842 1723 925 1778 vultu
954 1726 1075 1786 mutato,
1096 1701 1161 1790 sed,

290 1825 322 1878 ut
342 1815 468 1884 solitum,
489 1837 539 1893 per
557 1820 623 1876 illos
645 1820 707 1876 dies
726 1819 804 1893 egit:
823 1818 976 1876 altitudine
995 1819 1100 1888 animi,
1121 1838 1162 1878 aa

238 1908 279 1974 45
290 1926 479 1993 compererat,
490 1919 604 1981 modica
615 1936 679 1978 esse
691 1923 720 1978 et
732 1918 857 1991 vulgatis
872 1915 991 1973 leviora.
1032 1920 1162 1975 Interim

292 2018 392 2086 Silius,
415 2035 482 2076 cnm
504 2017 665 2091 legionibus
689 2017 799 2072 duabus
821 2016 972 2079 incedens,
998 2017 1162 2088 praemissa

291 2117 427 2177 auxiliari
440 2132 536 2183 manu,
551 2120 647 2171 vastat
668 2116 866 2188 Sequanorum
881 2131 979 2188 pagos,
992 2114 1042 2187 qui
1055 2114 1162 2173 finium

291 2216 425 2283 extremi,
447 2220 478 2272 et
504 2213 618 2272 Aeduis
644 2212 819 2278 contermini
846 2212 985 2285 sociique,
1012 2213 1043 2269 in
1067 2214 1160 2271 armis

291 2321 382 2375 erant.
424 2313 498 2371 Mox
520 2312 760 2385 Augustodunum
787 2310 861 2383 petit
887 2328 1008 2383 propero
1030 2311 1160 2385 agmine,

289 2412 468 2472 certantibus
481 2411 557 2467 inter
575 2427 606 2467 se
620 2410 774 2483 signiferis,
793 2409 934 2467 tremente
949 2410 1037 2467 etiam
1058 2415 1160 2485 grega-

291 2509 335 2567 rlo
355 2511 468 2567 milite:
496 2514 551 2565 ‘ne
574 2515 687 2566 suetam
712 2507 848 2582 requiem,
862 2526 899 2565 ne
920 2510 1014 2581 spatia
1027 2501 1162 2567 noctium

240 2675 241 2684 ἵ
291 2607 502 2678 ‘opperiretur3
534 2605 669 2663 viderent
696 2608 782 2663 modo
808 2607 945 2663 adversos
969 2613 999 2663 et
1026 2607 1159 2679 adspice·
1226 2649 1227 2678 ,

240 2691 242 2697 ⁸
292 2690 405 2760 rentur:
433 2704 462 2759 id
483 2704 553 2760 satis
574 2705 611 2759 ad
635 2702 806 2762 victoriam’
846 2704 1061 2762 Duodecimum
1081 2706 1160 2778 apud

291 2795 417 2874 lapidem
440 2801 578 2858 Sacrovir
604 2802 764 2876 copiaeque
788 2803 952 2875 patentibus
976 2803 1050 2878 locis
1071 2806 1160 2876 adpa-

292 2919 382 2958 ruere.
402 2900 432 2957 in
457 2899 550 2956 lroote
577 2905 716 2958 statuerat
743 2902 870 2972 serratos,
894 2902 925 2958 iu
953 2901 1088 2958 cornibus
1111 2918 1158 2958 cc·
1226 2971 1227 2980 χ

251 3052 254 3058 ,
293 3002 399 3069 hortea,
418 3007 529 3075 atergo
547 3017 710 3057 semermos.
753 3002 820 3073 lpse
839 3001 917 3057 inter
930 2999 1067 3073 primores
1081 3015 1157 3074 equo
1226 3005 1227 3054 ξ

292 3100 401 3175 insigni
420 3100 507 3169 adire,
529 3116 687 3156 memorare
714 3103 848 3154 ‘veteres
869 3099 1021 3155 Gallorum
1040 3099 1157 3171 glorias,

292 3206 301 3235 ⁴
313 3217 441 3274 quaeque
457 3198 595 3255 Romanis
609 3198 731 3254 adversa
744 3196 927 3253 intulissent:
952 3213 1036 3271 quam
1050 3198 1157 3253 decora

290 3297 472 3356 ⁴viororibus
500 3296 636 3365 libertas3
667 3301 775 3369 quanto
801 3293 1003 3352 intolerantior
1019 3295 1155 3351 'servitus
1226 3349 1227 3366 ,

323 3470 451 3516 Attiludiaa
459 3470 550 3531 caiam]
581 3469 634 3516 Non
651 3473 686 3515 eat
702 3483 738 3521 ea.
754 3481 811 3538 quae
828 3468 895 3526 vulgo
910 3466 1000 3524 dicitun
1010 3468 1089 3514 eadem
1106 3481 1157 3536 ⁶⁸¹!

293 3529 444 3582 magnitudine
453 3528 527 3584 animi,
538 3528 576 3574 sed
594 3542 659 3588 qnam
677 3526 795 3573 Sallustrus
814 3527 839 3573 B.
862 3528 908 3584 lug.
928 3529 964 3572 95.
984 3534 1049 3571 vocat
1069 3528 1156 3584 lageran

293 3584 442 3637 altitudinem,
462 3601 527 3645 qnam
538 3596 599 3634 reete
617 3586 708 3632 (lortius
728 3585 782 3631 dicit
800 3586 878 3634 esseio
900 3585 933 3636 iis,
954 3587 991 3646 qui
1008 3584 1100 3631 consilia
1116 3593 1155 3631 sm

293 3641 327 3688 ita
336 3643 417 3701 celant,
427 3648 451 3689 et
460 3644 550 3692 abditos
557 3649 634 3692 tenent
642 3659 716 3693 seuam
729 3659 787 3704 suos,
798 3650 824 3693 ut
833 3644 919 3706 assequi
928 3658 972 3691 uon
983 3644 1059 3700 liceat.
