2459 4267
279 302 350 375 182
599 327 786 378 incurvus
984 308 1154 382 ‘avare

273 478 422 553 adsumpti
435 480 617 551 tenebantur,
629 497 744 556 prorsus
766 479 830 539 sine
854 481 950 550 modo,
968 497 1039 541 com
1059 484 1158 557 pleri.

275 594 331 652 que
345 577 449 636 iisdem
472 579 597 654 negotiis
619 579 847 641 insenesoereut.
888 580 997 638 Plebes
1011 581 1074 639 scri
1087 581 1157 657 ‹prri-⁴

275 676 343 734 dem
357 693 474 735 annona
496 678 709 753 fatigabantur:
729 678 782 736 sed
805 679 886 737 nulla
899 678 930 736 io
944 695 982 737 eo
994 660 1087 754 eulps'
1105 699 1149 740 ex

275 774 432 850 Principe:
461 776 530 851 quin
556 775 762 834 infecunditati
784 781 932 845 terrarum,
958 779 1153 852 autasperis

275 874 363 932 maris
389 873 508 932 obviam
530 873 574 942 iit,
598 881 738 948 quantum
759 873 910 949 impendio
932 874 1151 952 diligentiaque

274 976 396 1046 poterat.
436 971 485 1040 Et,
499 988 536 1031 ne
550 971 722 1046 provincias
742 972 829 1031 novis
842 972 978 1032 oneribus
999 976 1151 1034 turbaren-

275 1075 329 1136 tur,
352 1074 440 1144 utque
465 1074 576 1138 vetera,
597 1070 662 1128 sine
676 1070 803 1129 eventia
825 1075 875 1130 aut
896 1071 1074 1135 erudelitate
1089 1089 1150 1131 ura·

273 1160 633 1241 gistratuum,lolerurent,
647 1168 830 1242 providebat.
848 1186 1000 1244 corporum
1014 1172 1152 1241 verbera,
1220 1204 1221 1243 ,

244 1265 475 1340 indemptioues
502 1270 642 1326 bonorum
672 1269 801 1327 oberant
852 1268 924 1326 Rari
944 1287 996 1342 per
1024 1269 1150 1328 ltaliam

275 1365 413 1435 Caesaris
431 1366 512 1440 agri:
532 1368 664 1424 modesta
684 1365 827 1424 servitia:
848 1365 924 1424 intra
936 1366 1149 1441 paucoslilrer·
1220 1374 1221 1385 ¹

274 1470 319 1520 tos
339 1464 459 1521 domus:
479 1480 526 1532 ac,
542 1464 569 1522 si
589 1467 705 1539 quaudo
727 1480 796 1522 cum
817 1464 940 1538 privatis
956 1448 1163 1540 oncspnret.

273 1561 365 1620 torum
389 1565 420 1619 et
441 1562 496 1619 ios.
538 1563 622 1635 Ques
644 1569 760 1634 cuncta,
781 1580 841 1621 non
854 1562 1064 1637 quidemoomi
1086 1564 1152 1635 via,

273 1661 325 1717 sed
352 1659 483 1717 horridos
503 1642 554 1718 ¹uc
585 1662 754 1736 plerumque
787 1661 965 1730 formidatus,
998 1663 1154 1722 retinebat

273 1764 382 1827 tamen,
407 1760 504 1816 donec
526 1763 617 1817 morte
636 1758 725 1817 Drusi
749 1763 948 1818 verterentur:
978 1776 1058 1828 nam,
1077 1760 1164 1819 dum-

273 1856 422 1933 superluit‚
445 1875 593 1927 mansere;
614 1857 681 1932 quia
705 1857 838 1925 Seianus,
860 1857 1024 1932 incipiente
1048 1859 1152 1929 adhuc

274 1957 415 2030 potentia,
429 1956 515 2015 bouis
536 1956 667 2014 consiliis
688 1961 840 2014 notescere
865 1957 993 2024 volebat,
1014 1961 1045 2015 et
1067 1958 1151 2016 ultor

274 2058 464 2121 metuebatur,
496 2073 555 2113 nou
577 2059 708 2113 occultos
729 2055 800 2123 odii,
820 2059 851 2112 et
877 2056 980 2112 crebro
1006 2072 1147 2129 querens,

275 2154 434 2212 ‘incolumi
455 2153 523 2222 tilio,
537 2154 697 2211 adiutorem
719 2152 834 2227 imperii
856 2151 946 2211 alium
968 2153 1091 2210 vocari:
1111 2158 1150 2212 et

274 2257 432 2328 ‘quantum
450 2270 608 2326 superenne,
629 2257 659 2309 ut
676 2253 791 2326 collega
804 2249 939 2309 dicutur?
960 2252 1073 2309 Primus
1093 2253 1150 2313 do-

274 2351 422 2408 ‘minandi
443 2369 509 2424 spes
532 2352 563 2408 iu
587 2351 691 2408 arduo:
726 2351 777 2408 ubi
798 2350 837 2407 sis
862 2350 1017 2423 ingressus,
1039 2351 1150 2409 adame.

273 2451 387 2508 ‘studia
400 2456 429 2506 et
443 2450 598 2507 ministros.
617 2454 766 2507 exstructa
780 2450 850 2516 inm,
862 2455 967 2522 sponte
986 2448 1155 2518 1²raolecti,¹

272 2551 410 2603 ‘eastraz
430 2548 513 2603 datos
539 2548 571 2604 in
599 2565 717 2606 manum
744 2548 870 2605 milites:
903 2548 986 2605 cerui
1012 2548 1145 2622 effigiem

274 2643 355 2700 ‘eius
379 2646 409 2700 in
431 2644 618 2701 monimentis
643 2646 697 2703 On.
721 2645 873 2719 Pompeii:
902 2662 1071 2703 communes
1096 2646 1147 2704 illi
1220 2658 1221 2665 ’

274 2748 360 2799 ‘curn
371 2743 484 2799 inmitia
499 2743 658 2801 Drusorum
666 2744 726 2801 lore
739 2752 870 2817 nepotes.
884 2746 1061 2818 precandam
1076 2748 1147 2817 post

274 2842 367 2899 ‘llaec
390 2841 569 2907 modestiam,
585 2848 616 2900 ut
636 2849 792 2900 contentus
813 2840 909 2899 esset?
949 2843 1053 2916 Neque
1067 2859 1144 2912 raro,

273 2959 368 3015 neque
381 2942 456 3014 apud
476 2957 583 3014 paucos
598 2942 669 2999 talia
682 2941 826 2999 iaciebat:
847 2945 878 2998 et
901 2946 1015 2999 recreta
1027 2956 1144 3014 quoqne

242 3040 337 3102 Seius
359 3044 491 3113 corrupta
512 3036 603 3099 uxo're
629 3041 831 3112 prodebantur.
873 3040 966 3113 igilur
1007 3037 1146 3109 Sehnus,

274 3140 473 3198 maturandum
494 3145 580 3203 ratus,
598 3138 702 3212 deligit
724 3155 883 3204 venenum,
909 3154 967 3210 quo
991 3138 1146 3209 paullatim
1220 3188 1221 3219 3

275 3239 437 3312 inrepente,
456 3237 589 3294 fortuitus
607 3238 720 3293 morbus
742 3236 969 3294 adsimularetur.
992 3235 1021 3292 id
1045 3234 1148 3293 Druso
1220 3270 1221 3295 r

274 3338 373 3396 datum
395 3354 445 3408 per
467 3336 601 3409 Lygdum
626 3336 792 3405 spadonem,
814 3341 845 3392 ut
869 3340 938 3392 octo
960 3340 1024 3406 post
1048 3350 1148 3392 annon

271 3434 423 3509 cognitum
439 3441 492 3490 est.
529 3434 674 3495 ,Ceterum
693 3433 841 3502 Tiberius,
864 3449 916 3508 per
937 3449 1039 3492 omnes
1063 3434 1146 3492 vale-

300 3584 379 3644 Vltsr]
411 3585 496 3634 Drusus
505 3587 603 3643 seilicet.⁴
