2459 4267
310 310 382 382 146
653 335 839 384 suunnrru
1031 338 1105 387 av.
1121 346 1173 389 ne.

307 492 417 555 ternae,
435 502 474 546 an
499 487 590 548 retiae
608 488 700 561 capit,
729 495 779 547 aut
808 490 883 558 ittos,
909 506 980 549 curu
1009 492 1108 550 omniu
1127 493 1173 550 tri·

307 588 441 668 buerunt,
455 592 504 646 aut
524 589 586 657 hos,
606 605 674 647 cnm
696 588 755 646 iam
773 584 849 647 'nihii
865 591 1009 665 reliquum
1021 600 1084 659 est,
1101 591 1173 667 quod

305 689 435 760 cupiant
1003 693 1007 702 '

254 783 315 842 31·
348 788 484 862 Sequitur
503 788 621 846 Tiberii
646 794 772 862 quartus,
797 789 885 846 Drusi
904 792 1054 848 secundus
1068 790 1172 847 Consu·

305 887 390 954 latur,
404 887 492 959 patris
506 892 591 962 atque
606 887 660 943 fitii
673 889 802 962 coitegio
817 888 950 962 insignis.
973 907 1042 946 nam
1058 887 1169 972 biennio

305 992 374 1042 ante
388 985 557 1042 Germanici
571 1002 638 1041 cum
662 985 786 1043 Tiberio
805 986 882 1042 idem
898 988 1002 1053 honor,
1023 1005 1114 1060 neque
1127 987 1170 1059 pa'·

304 1083 368 1140 truo
400 1084 502 1150 taetus,
535 1101 630 1158 neque
658 1090 760 1141 natura
788 1092 846 1141 tani
879 1085 1037 1143 connexus
1072 1086 1167 1142 tuerat

302 1180 374 1239 Eius
394 1182 464 1239 anni
476 1182 621 1256 principio
634 1182 783 1246 Tiberius,
797 1184 877 1258 qnasi
892 1184 1055 1254 firmandae
1067 1186 1169 1239 valetu-

301 1280 374 1347 dini,
387 1280 418 1338 in
433 1282 625 1354 Campaniam
644 1282 800 1350 concessit,
815 1285 932 1355 tongam
952 1288 983 1340 et
1005 1282 1167 1339 continuam

301 1378 463 1437 absentiam
478 1380 628 1452 paullatim
643 1381 803 1437 meditans:
823 1380 898 1445 sive,
917 1387 1070 1447 ut,amoto
1084 1387 1166 1450 patre,

301 1477 414 1537 Drusus
437 1479 535 1535 munia
550 1480 725 1554 Consulatus
738 1482 815 1535 sotus
832 1479 981 1551 impiaret.
1026 1481 1072 1537 Ao
1095 1476 1161 1532 torte

301 1592 391 1650 parva
415 1567 480 1644 res,
491 1593 627 1651 magnum
652 1580 689 1633 ad
703 1588 850 1635 certamen
866 1595 1029 1651 progressa,
1043 1574 1165 1650 praebuit

300 1676 403 1734 iuveni
428 1677 578 1734 materiem
602 1677 751 1751 apiscendi
774 1676 894 1733 favoris.
938 1674 1162 1735 Domitius'Cor·

301 1775 379 1841 huto,
402 1775 540 1833 Praetura
563 1777 687 1843 iunctus,
701 1777 738 1832 de
763 1776 797 1833 L.
822 1775 912 1841 Soita,
937 1775 1031 1833 nobiti
1052 1773 1162 1836 iuvene,

300 1880 417 1948 questus
430 1881 475 1932 est
496 1876 572 1948 apud
588 1876 737 1940 Senatum,
751 1871 826 1950 quod
845 1871 901 1930 eibi
919 1871 997 1930 inter
1015 1863 1161 1949 aponum

296 1971 491 2052 gladiatorum
510 1972 569 2031 loeo
581 1990 637 2029 non
649 1970 815 2028 decessisset.
830 1989 881 2045 pro
895 1973 1064 2030 Corbulone
1077 1974 1159 2031 aetas,

299 2072 410 2147 patrius
434 2090 504 2137 mos,
518 2072 612 2129 stadia
634 2071 778 2128 seniorum
802 2078 903 2138 erant:
923 2078 1028 2128 contra
1042 2066 1157 2123 Mamer·
1212 2117 1213 2122 ,

299 2185 352 2228 aas
367 2172 491 2229 Scaurus
505 2176 535 2228 et
548 2172 584 2229 L.
609 2171 763 2228 Arruntius
778 2170 884 2243 aliique
899 2170 1003 2227 Saitae
1017 2157 1157 2240 propinqui

298 2270 475 2328 nitebantur.
497 2272 649 2328 certabant
672 2269 860 2335 orationibus,
883 2275 912 2324 et
934 2265 1158 2325 memorabantur

297 2367 421 2442 eennpla
450 2363 597 2435 mnarum,
621 2366 669 2445 qni
688 2365 836 2424 inanitatis
855 2362 1072 2423 inreverentiam
1090 2371 1156 2433 grt-

229 2526 231 2529 ,
296 2464 376 2527 vibra
389 2465 503 2524 decretis
523 2465 701 2524 nawiesent.
723 2468 818 2523 donec
843 2467 955 2523 Drusus
969 2469 1036 2536 apta
1054 2468 1154 2527 tempa-

295 2564 393 2621 randis
407 2565 511 2622 animis
524 2566 674 2632 discernite
695 2570 726 2621 et
745 2565 924 2622 satisfactum
939 2551 1093 2621 Corbuloni
1107 2554 1154 2625 pe'r

295 2659 487 2729 Mamercum,
501 2663 548 2736 qui
569 2670 686 2735 patruus
705 2664 789 2719 simui
813 2680 849 2719 ao
863 2662 986 2720 vitricus
1009 2653 1150 2718 Suusaa

294 2765 437 2818 oratorum
451 2778 487 2817 ea
501 2767 597 2817 aetate
617 2763 779 2818 uberrimus
801 2764 871 2819 erat.
914 2762 996 2818 idem
1022 2751 1148 2815 cornua.
1204 2811 1205 2816 ,

289 2857 416 2939 plurium
426 2877 478 2936 per
497 2859 613 2918 Italiam
635 2859 861 2940 itinerufraade
873 2860 1022 2938 maapt'nm
1034 2861 1059 2913 et
1079 2851 1148 2907 inat·
1203 2879 1204 2902 t

294 2958 341 3018 ria
353 2957 579 3034 magistratuum,
597 2958 753 3036 internupta
767 2967 792 3016 et
805 2940 947 3038 impervia,
970 2946 1145 3016 crepitando,
1201 2961 1203 3014 t

294 3060 589 3117 exsecutionem-eius
603 3060 714 3131 negotii
728 3059 821 3116 tibens
833 3059 961 3132 srrsoepit
974 3078 981 3113 ε
994 3052 1065 3130 quod
1077 3041 1145 3105 haud
1198 3031 1202 3164 ἶ

294 3160 413 3234 perinde
428 3160 544 3231 pontice
568 3158 631 3215 usui
656 3158 792 3224 habitum,
817 3175 903 3231 quarn
916 3155 1067 3214 exitiosum
1082 3142 1144 3202 runi·

294 3259 341 3320 tis,
355 3275 472 3330 quorum
486 3260 517 3315 in
537 3257 690 3329 pecuniam
703 3263 789 3332 atque
803 3248 909 3313 ioniam
923 3244 1142 3334 damnationum

293 3359 417 3414 ethasta
430 3359 588 3414 saeviebat.
870 3361 873 3368 '

241 3466 284 3526 32
334 3456 437 3529 Neque
462 3457 552 3523 mutto
576 3460 649 3527 post,
680 3454 842 3530 missislad
878 3455 1015 3509 Senatum
1037 3433 1139 3543 littorias

293 3554 442 3623 tiberius.
460 3560 586 3618 ‘motam
609 3572 719 3614 rursum
744 3553 876 3614 Atticam
889 3553 1004 3614 incursu
1019 3536 1137 3603 'facim‘
