2459 4267
275 437 329 474 xxx
587 420 830 475 TESTIMONIA.

276 575 341 636 ejus,
360 570 382 621 si
401 569 557 622 celebretur
572 575 638 632 ate,
654 572 835 624 immortalem
853 570 965 639 gloriam
978 587 1037 624 esse
1050 587 1149 640 propo-

276 659 366 711 sitam.

377 808 477 870 Libro
493 807 575 870 Vll.
594 807 701 891 Epist.
720 807 801 870 XX.
819 808 859 870 ad
877 807 1039 871 Tacitum.

310 934 371 986 Erit
384 950 472 986 rurum
485 937 514 984 et
528 934 640 1000 insigne.
653 932 718 986 duos
738 935 868 994 homines,
889 939 983 986 aetate
1002 950 1147 1001 propemo-

277 1024 339 1075 dum
352 1024 485 1090 aequales.
500 1036 550 1073 uon
564 1023 661 1073 nullius
682 1022 708 1073 in
722 1024 822 1074 litteris
840 1024 962 1081 nominis,
976 1025 1095 1075 alterum
1108 1025 1147 1074 al·

279 1113 362 1163 terius
374 1111 578 1163 studialovisse.
618 1111 751 1179 Equidem
772 1112 995 1173 adolescentulos,
1008 1129 1072 1165 cum
1092 1115 1146 1165 iam

277 1205 324 1253 tua
334 1200 404 1252 laura
415 1202 552 1268 gloriaque
565 1201 683 1258 floreret.
697 1207 726 1252 tc
737 1203 822 1269 sequi,
832 1205 884 1255 tibi
895 1206 981 1272 longo,
994 1203 1041 1255 sed
1054 1204 1145 1269 proxi·

277 1306 343 1351 runs,
358 1291 509 1350 intervallo,
520 1294 549 1340 et
561 1305 621 1341 esse
633 1295 662 1341 ct
682 1292 774 1344 haberi
793 1294 1024 1360 concupiscebam.

501 1437 600 1500 Libro
618 1437 677 1504 ix.
698 1438 804 1522 Epist.
821 1438 922 1506 Xiv.

311 1562 371 1615 Nec
385 1565 441 1630 ipse
455 1563 506 1614 tibi
519 1561 640 1628 plaudis3
659 1567 690 1614 et
702 1564 827 1631 egonilril
841 1565 924 1631 magis
936 1578 971 1615 cr
984 1563 1044 1622 lide,
1064 1581 1149 1632 quarn

276 1654 309 1705 de
334 1657 362 1705 te
390 1654 486 1704 scribo.
523 1651 642 1704 Posteris
666 1667 699 1703 an
722 1654 813 1720 aliqua
830 1669 894 1705 cura
917 1655 1010 1712 nostri,
1035 1659 1149 1707 nescio:

276 1757 322 1793 noe
342 1747 419 1797 certe
438 1756 582 1799 meremur,
604 1746 636 1793 ut
655 1743 692 1793 sit
711 1743 810 1810 aliqua,
832 1757 884 1794 non
904 1741 964 1795 dico
985 1744 1094 1810 iugenio
1107 1743 1148 1813 (id

275 1833 348 1886 enim
371 1829 527 1901 superbum)
553 1830 600 1884 sed
620 1830 718 1892 studio,
745 1831 792 1883 sed
813 1832 913 1893 labore,
935 1839 966 1885 et
988 1833 1150 1887 reuerentia

277 1928 423 1989 posterum.

465 2071 599 2135 Orosius
616 2072 656 2134 dc
674 2071 792 2134 Domit.
810 2073 953 2154 loquens.

312 2197 392 2257 Nam,
413 2205 514 2267 quanta
534 2196 636 2249 luerint
657 2196 801 2264 Diurpauei
822 2196 956 2250 Dacorum
977 2177 1147 2265 Regis'cum

277 2289 362 2342 Fusco
372 2289 447 2342 Duce
455 2291 566 2356 proelia,
575 2293 745 2357 quantaeque
755 2289 831 2340 Rom.
840 2288 939 2347 clades,
949 2289 1026 2356 longo
1035 2294 1151 2341 contex-

277 2384 306 2430 tu
319 2365 483 2436 evolverem,
493 2379 542 2429 nisi
563 2378 642 2431 Corn.
656 2377 777 2435 Tacitus,
790 2380 835 2445 qui
849 2379 916 2429 lianc
930 2378 1069 2429 historiam
1085 2377 1149 2428 dili·

275 2468 431 2534 gentissirne
444 2468 592 2522 contexuit,
606 2466 641 2517 de
653 2466 793 2518 reticendo
806 2466 1008 2518 interfectorum
1021 2481 1149 2527 numero,

276 2560 307 2607 et
317 2555 472 2608 Sallustium
495 2553 629 2621 Crispum,
648 2560 679 2606 et
697 2556 763 2608 alios
789 2560 920 2614 auctores,
934 2555 1150 2623 quamplurimos

276 2646 404 2710 sanxisse,
417 2648 447 2695 et
459 2646 577 2710 seipsum
589 2643 662 2697 idem
675 2647 844 2712 potissimum
857 2645 979 2713 elegisse,
992 2643 1121 2698 dixisset.

651 2787 753 2854 ldern.

313 2916 391 2976 Dein,
404 2920 436 2969 ut
448 2918 538 2971 verbis
558 2917 637 2971 Coru.
651 2917 743 2970 Taciti
756 2920 827 2976 utar,
841 2918 909 2971 Senc
923 2919 1052 2987 Augusto,
1067 2917 1150 2974 lanus

277 3007 437 3074 patefactus,
459 3007 522 3059 dum
533 3008 603 3075 apud
618 3014 756 3060 extremos
770 3011 903 3060 terrarum
918 3010 1046 3060 terminos
1059 3023 1148 3060 norae

277 3100 371 3164 gentes
384 3110 464 3164 saepe
476 3110 510 3146 ex
522 3111 579 3156 usu,
594 3101 624 3146 et
636 3094 778 3166 aliquando
790 3111 851 3146 cum
863 3095 959 3150 damno
971 3101 1149 3163 quaeruntur,

278 3201 362 3258 usque
380 3183 413 3236 ad
427 3184 585 3256 Vespasiani
597 3183 705 3236 duravit
714 3185 867 3250 imperium.

465 3333 595 3396 Flavius
612 3333 823 3417 Vopiscus-in
841 3332 958 3394 Probo.

311 3460 348 3510 Et
361 3460 426 3510 mihi
436 3458 545 3526 quidem
559 3461 586 3511 in
598 3461 687 3510 animo
697 3458 756 3516 t'uit,
772 3474 822 3510 uon
832 3433 865 3510 'ut
879 3457 1029 3518 Sallustios,
1044 3457 1148 3520 Lirios,

277 3548 396 3606 Tacitus
408 3546 517 3615 Trogos,
531 3555 612 3616 atque
625 3564 717 3599 omncs
729 3547 919 3600 disertissimos
932 3548 1056 3599 imitarer
1068 3550 1150 3609 viros,

279 3636 325 3692 sed
340 3636 455 3688 diarium
469 3637 628 3699 Maximum,
640 3638 799 3694 Suetonium
811 3637 1008 3707 Tranquillum,
1022 3640 1078 3690 etc.
