2459 4267
251 344 325 413 352
577 361 761 411 amastrae
980 368 1008 413 s.
1025 360 1057 413 v,
1072 367 1127 415 soa.

249 515 288 575 ris
312 515 511 576 laudationem
535 514 598 575 eius
622 516 765 590 Princeps
788 533 911 575 exorsus
936 523 991 574 est.
1045 520 1127 577 Dum

247 613 441 693 mamurra
456 614 580 692 gereris,
599 614 778 683 contum,
800 631 836 672 ue
853 613 1015 692 triurnpims
1032 616 1118 674 muia-

249 733 314 772 rura
346 717 545 783 enumerabat,
566 715 695 773 intentus
723 716 784 785 ipse
815 722 846 771 et
872 716 985 785 ceteri;
1015 714 1120 772 libero

248 812 318 871 bum
332 833 444 890 quoque
457 792 562 872 Mum
578 815 829 882 commemoratio,
850 821 884 881 et,
897 813 979 881 nau,
1007 822 1120 891 regente

249 930 290 981 ee,
314 912 394 990 tirr'p.
413 911 492 970 triete
513 911 549 969 ud
574 911 696 970 externis
722 912 865 982 accidiam
892 913 992 988 pronis
1019 915 1126 972 animis

250 1012 369 1071 audita:
390 1017 540 1085 postquam
553 1013 590 1068 ad
608 1009 814 1087 providentiae
823 1011 1044 1091 septemimnque
1057 1014 1127 1070 flex-

254 1110 287 1177 it,
300 1127 389 1167 nemo
403 1109 472 1167 risun
494 1116 667 1184 temperare,
680 1128 852 1186 quamquem
866 1111 968 1178 oratio,
992 1130 1011 1168 a
1037 1113 1130 1168 Sene·

251 1226 287 1268 ca
301 1209 473 1282 composita,
494 1212 614 1267 muitum
628 1213 725 1268 cottus
749 1211 922 1283 praeterret:
943 1216 975 1267 ut
999 1209 1054 1267 tuit
1082 1210 1128 1267 itti

252 1309 316 1368 viru
338 1308 488 1383 ingenium
512 1298 675 1370 amoenum.
701 1316 731 1366 et
754 1309 892 1382 temporis
915 1309 978 1364 eius
1002 1308 1122 1365 auribus

251 1410 513 1467 adcommodatum.
555 1410 744 1466 Adnotabaut
764 1407 903 1474 seniores,
926 1406 1031 1481 quibus
1055 1406 1130 1464 otio-

250 1525 313 1564 sum
340 1512 384 1563 est
406 1512 505 1561 vetera
533 1511 563 1561 et
591 1506 758 1578 praesentia
785 1507 975 1572 contendere,
999 1504 1128 1582 prienen

247 1622 281 1662 ex
292 1601 339 1672 ir'a,
351 1600 401 1679 qui
412 1619 508 1659 rerum
513 1600 596 1677 petiti
608 1611 707 1672 meent,
728 1604 870 1662 Neronem
892 1603 1001 1661 ultraue
1009 1602 1121 1682 funen-

252 1701 313 1765 diar
328 1699 449 1778 eguisse.
493 1702 572 1759 Nam
588 1703 725 1761 Dictator
736 1706 846 1762 Caesar
864 1704 983 1761 summis
1006 1704 1128 1762 oratori·

251 1806 303 1863 bus
317 1804 465 1860 aemulus:
485 1809 518 1861 et
534 1804 667 1878 Augusto
687 1811 817 1878 prompta
830 1822 866 1860 co
880 1803 1035 1878 profluens,
1048 1821 1122 1877 quae

256 1905 374 1963 deceret
388 1901 565 1977 Principem,
579 1903 745 1978 etoqueutia
766 1903 829 1960 tuit.
871 1902 1011 1960 Tiberine
1034 1908 1128 1960 artem

253 1996 366 2080 duoque
380 2003 515 2068 satiebat,
535 2019 592 2076 qua
605 2004 695 2058 verba
708 2002 897 2075 expenderet,
923 2007 984 2057 tum
1010 2002 1128 2057 validm

251 2102 394 2168 sensibus,
421 2106 471 2158 aut
497 2103 631 2158 consulto
657 2101 817 2174 ambiguus.
858 2099 957 2156 Etiam
984 2099 1021 2156 O.
1044 2099 1120 2157 Cae·

250 2200 324 2258 auris
338 2201 450 2257 turbata
465 2216 546 2256 mens
567 2199 628 2255 vim
648 2198 766 2255 dicendi
791 2216 849 2254 uun
873 2197 1010 2269 corrupit.
1055 2198 1122 2254 Nec

263 2300 294 2357 in
327 2299 461 2365 Claudio,
492 2298 625 2373 quotiens
650 2298 789 2355 meditata
812 2297 973 2364 dissereret,
1006 2299 1130 2372 elegan-

252 2398 323 2455 tiam
345 2399 511 2473 requireres.
573 2398 654 2454 Nero
677 2396 832 2469 puerilibus
855 2395 952 2452 statim
980 2396 1069 2452 aunis
1086 2395 1128 2452 vi·

252 2497 354 2556 vidum
380 2497 508 2554 animum
533 2496 563 2554 in
591 2496 650 2552 atia
673 2495 812 2552 detorsit:
839 2497 963 2559 caetere,
990 2494 1123 2569 pingere,

252 2601 356 2653 cantus
369 2601 420 2652 aut
444 2595 573 2669 regimen
588 2611 725 2668 equorum
739 2611 894 2651 exercere:
915 2573 945 2650 et
960 2593 1130 2668 aliquando,

252 2692 429 2750 carminibus
452 2693 623 2767 pangendis,
648 2692 744 2749 inesse
769 2692 826 2748 sibi
850 2693 998 2748 elementa
1023 2693 1132 2749 doctri·

222 2789 311 2849 unae
333 2790 517 2846 ostendebat.
559 2790 708 2857 Ceterum,
729 2789 854 2864 peractis
877 2789 1014 2846 tristitiae
1036 2790 1133 2848 imita·

254 2888 368 2955 mentis,
382 2888 491 2946 curiam
505 2888 661 2963 ingressus,
685 2896 734 2946 ‘et
754 2891 790 2946 dc
805 2888 978 2945 auctoritate
994 2889 1127 2958 Petrum,

285 3047 311 3094 C.
329 3043 441 3104 Caesaris]
473 3043 517 3095 Qui
535 3043 604 3090 etiam
623 3042 694 3088 libros
714 3041 841 3103 scripsitde
859 3046 910 3088 arte
929 3040 1029 3097 dicendi,
1047 3044 1135 3090 utvuit

256 3106 422 3156 Suidns:1“at'ur
445 3113 540 3175 Kasourg,
558 3103 580 3158 tr
605 3104 712 3154 aaran&
738 3112 888 3169 Rataspem,
907 3099 1028 3172 ‘graegem
1056 3121 1136 3169 τεχνην

255 3171 337 3240 ψςαψι
356 3170 488 3247 ‘Pupeim
512 3185 577 3232 quem
599 3176 674 3215 tumen
690 3176 747 3228 puto
765 3183 808 3226 ego
823 3168 883 3214 tuiti:
899 3181 982 3227 eosque
1002 3167 1134 3213 Germanici

256 3236 442 3372 maliana]
473 3315 546 3364 Quem
564 3323 637 3382 neque
655 3309 805 3380 iniucundum,
824 3322 898 3378 neque
916 3307 1042 3377 indoctum,
1064 3309 1135 3380 immo

257 3373 481 3480 ffiiagrffiiffter
496 3371 626 3455 liberalibus
634 3370 713 3416 studus
727 3369 827 3414 deditum
837 3368 910 3424 tursse,
921 3367 993 3413 trudrt
1014 3369 1136 3414 Suetonius

286 3512 388 3567 Curione,
397 3510 514 3614 Pingere*
539 3509 574 3556 De
584 3508 618 3556 bis
626 3505 751 3554 leviusculis
760 3503 888 3565 disciplinis,
898 3518 956 3566 quae
967 3503 1004 3550 vix
1026 3504 1131 3551 iuvenem

256 3582 394 3625 generosum,
405 3571 484 3614 nedum
514 3569 628 3629 rincipem,
639 3568 726 3620 decent,
737 3565 789 3611 vide
798 3563 930 3609 Suetonium
947 3562 970 3608 in
981 3563 1041 3609 Ner.
1053 3564 1098 3619 XX
1109 3571 1132 3611 et

257 3627 320 3673 ΜΗ.
351 3627 401 3673 Nec
410 3633 484 3680 tamen
493 3627 631 3685 gravioribus
640 3624 718 3672 studiis
728 3623 836 3671 intrabitis
846 3629 897 3669 erat
910 3624 984 3674 Nero.
1018 3621 1083 3675 Brut.
