2459 4267
62 328 178 378 a.u.1a
264 330 338 378 ms.
363 328 402 377 11.
452 330 533 378 car.
559 307 731 378 38.-‹10.
882 310 930 380 93

59 480 189 540 rurum
202 480 354 553 viderem,
375 482 508 544 &nm
526 481 624 541 tuberis
642 486 704 542 aar
715 481 930 542 macw-

56 579 606 664 mmgaruaqairematruumaa
647 582 931 658 Egerealiigrates3

58 679 130 737 siluit
149 682 305 746 Hortalus,
326 695 447 754 pavore,
466 697 505 738 en
526 681 626 739 avitae
646 681 820 740 nobilitatis.
839 681 930 740 etiam

57 777 127 835 inter
148 781 306 853 angustias
326 781 469 847 fortunae,
493 781 632 838 retinens.
658 797 752 855 neque
777 779 929 838 miseratus

56 881 95 934 est
114 880 238 950 posthac
256 879 406 945 Tiberius,
430 879 563 952 quamvis
583 880 686 936 domus
707 878 859 936 Hortensii
879 894 929 951 pn·

55 977 174 1034 dandam
188 979 226 1033 ad
243 976 376 1049 inopiam
389 978 581 1035 delaberetur.

89 1075 201 1132 Eodem
225 1092 317 1142 anno,
331 1074 474 1146 mancipii
496 1075 582 1132 unius
603 1073 736 1140 audacia,
758 1074 789 1132 ni
813 1071 979 1133 marmeno

54 1174 228 1231 subventum
257 1176 342 1240 toret,
364 1173 518 1231 discordiis
537 1174 682 1247 armisque
701 1172 839 1230 ciuilibus
864 1190 926 1232 rem

54 1274 124 1344 publ.
156 1272 342 1345 perculisset.
399 1273 530 1329 Postumi
562 1272 712 1345 Agrippae
739 1288 849 1339 servus,
876 1288 926 1329 no·
1002 1305 1006 1312 ·

54 1370 127 1427 mine
158 1369 301 1436 Clemens,
331 1379 482 1442 comperto
505 1371 564 1428 bna
591 1370 726 1442 Augusti,
754 1386 873 1444 pergere
893 1369 925 1427 in

55 1467 173 1525 insulam
200 1469 382 1534 Planasiam,
401 1474 430 1524 et
445 1469 544 1526 lraude
569 1474 621 1526 aut
635 1468 667 1525 vi
687 1473 800 1542 raptum
822 1468 926 1541 Agrip·

56 1582 116 1639 prm
143 1568 219 1624 terre
254 1570 293 1624 ad
320 1567 468 1625 exercitos
506 1568 708 1635 Germanicos,
738 1585 798 1624 non
824 1566 927 1625 servili

54 1666 153 1732 ammo,
166 1666 320 1737 concepit.
340 1682 411 1722 ausa
424 1668 487 1723 eius
509 1667 664 1738 impedivit
690 1665 810 1723 tarditas
823 1682 925 1723 onera·

55 1761 109 1818 riae
123 1765 227 1821 navis:
249 1770 337 1838 atque
366 1763 482 1821 interim
498 1773 611 1836 patrata
637 1765 738 1830 caede,
762 1765 800 1821 ad
814 1764 924 1822 maiora

55 1866 82 1915 et
94 1863 183 1936 magis
213 1862 388 1934 praecipitia
398 1879 568 1928 conversus,
595 1864 703 1920 lurstur
716 1863 841 1928 eineres,
856 1879 924 1920 veo·

56 1962 150 2032 tuaque
164 1962 286 2025 Uocem,
301 1959 434 2016 Etruriae
456 1962 690 2032 promontorium,
715 1960 823 2034 ignotis
850 1959 923 2018 locis

56 2071 116 2112 sese
140 2061 234 2124 abdit,
260 2060 356 2114 donec
389 2058 502 2116 crinem
530 2060 704 2131 barbamque
732 2055 922 2130 promitteret.

55 2169 119 2211 narn
141 2164 242 2213 astate
268 2163 298 2213 et
326 2156 418 2212 torma
442 2157 517 2214 haud
544 2156 681 2213 dissimili
708 2155 740 2212 in
774 2152 923 2210 dominum

59 2260 123 2309 erat.
164 2256 257 2320 Tum,
271 2272 322 2326 per
346 2256 467 2312 idoneos
487 2260 518 2311 et
531 2257 639 2311 secreti
652 2253 716 2309 eius
738 2250 844 2316 socios,
863 2265 924 2308 ore·

57 2348 158 2409 brescit
177 2331 272 2409 uim
303 2350 470 2428 Agrippam,
495 2353 621 2410 ocenltis
645 2351 769 2425 primum
787 2347 923 2406 sermoni·

58 2447 115 2515 bns,
136 2458 165 2507 nt
194 2452 290 2509 vetita
313 2455 419 2517 solent,
443 2469 512 2512 mox
534 2470 612 2525 sago
632 2467 744 2508 rumore
767 2450 843 2523 apud
870 2448 922 2505 im·

57 2547 219 2617 peritissimi
233 2550 371 2624 cuissque
386 2559 532 2624 promptas
541 2567 639 2615 aures,
651 2557 700 2606 aut
721 2565 830 2606 rursum
844 2547 922 2620 apud

58 2647 187 2716 turbidos,
213 2666 307 2723 eoque
341 2667 420 2706 nova
447 2649 610 2722 cupientes.
646 2657 731 2723 alque
762 2648 920 2721 ipseadire

58 2746 210 2819 municipia
237 2751 360 2804 obscuro
396 2748 466 2813 diei,
491 2765 585 2821 neque
623 2747 771 2819 propalam
796 2741 920 2819 auspici,
1022 2811 1031 2818 ο

58 2857 145 2916 neque
166 2845 274 2902 diutiss
302 2846 405 2903 iisdem
435 2846 516 2902 locis.
537 2847 597 2915 sed,
624 2844 691 2919 quia
717 2845 825 2901 veritas
853 2844 923 2900 visu.

58 2946 86 2994 et
107 2959 194 3011 mora,
221 2944 292 3001 falsa
321 2944 509 3001 testinatione
544 2949 574 2999 et
602 2943 724 3001 incertis
754 2935 925 3006 valescunt.

59 3039 231 3114 relinquebat
258 3044 364 3099 lamam
396 3050 446 3099 aut
473 3042 690 3114 praeveniebat.
738 3040 922 3111 Vulgabatur
932 3042 976 3098 lo

59 3133 167 3197 interim
181 3159 233 3213 per
254 3143 381 3204 ltaliam,
404 3146 546 3197 urnulam
569 3154 682 3195 maere
706 3134 797 3192 Datum
817 3131 922 3208 Agrip

55 3249 135 3306 pust:
153 3242 325 3297 credebatur
351 3241 482 3304 Romae:
503 3238 619 3312 iamque
641 3235 755 3293 Ostiam
769 3235 923 3289 invectum

61 3336 205 3394 multitudo
227 3338 342 3412 ingens,
367 3340 426 3396 iam
450 3337 482 3395 in
506 3341 576 3394 urba
609 3331 789 3391 clandestini
817 3332 922 3386 coetus

85 3506 170 3560 Parra
177 3512 249 3579 am]
280 3512 332 3562 sut.
344 3511 445 3562 Postumi
455 3511 577 3578 Agrippae.
608 3506 707 3584 llespice
726 3505 754 3553 ad
766 3504 819 3563 ¹¹⁰¹
840 3537 848 3546 .
