2459 4267
60 372 121 421 ac.
137 376 182 430 re.¹
267 374 338 421 aas.
368 373 424 428 11„
456 373 536 420 cnr.
565 355 684 420 1.-3.
868 351 913 420 71

63 526 120 584 fidei
145 526 326 603 popularium
361 526 480 585 diffisus.
520 527 591 584 Post
614 527 704 584 finem
727 524 864 584 Phraatis
883 520 951 585 Μ
1046 573 1052 584 „

60 628 226 701 mouentium
253 646 364 702 regum,
390 630 430 684 ob
458 626 588 683 internas
612 628 721 683 caedes
751 644 860 682 venere
887 626 920 685 in

60 724 155 784 Vrbem
176 728 265 802 legati
288 745 307 784 a
331 726 502 800 primoribus
530 725 657 793 Parthis,
680 725 729 800 qui
752 726 921 793 Vononem,

60 824 271 883 remansurum
288 809 445 884 liberorum
454 825 527 893 eius,
543 824 685 882 accirent.
727 824 922 898 Magnificum

61 917 147 981 idsibi
159 925 285 983 credidit
300 925 421 992 Caesar,
441 923 580 997 auxitque
594 924 707 997 opibus.
728 929 760 982 et
778 940 921 997 accepere

61 1020 385 1089 nominaremur
408 1023 498 1090 terme
517 1025 555 1080 ad
569 1041 649 1080 nova
672 1024 804 1097 imperia.
846 1022 923 1080 Mox

60 1122 126 1177 subit
138 1124 233 1195 pudor,
248 1122 494 1197 ‘degeneravisse
511 1123 652 1180 Parthosz
673 1124 795 1196 petitum
808 1122 869 1180 atio
880 1139 921 1181 ex

61 1221 142 1279 ‘orbe
160 1240 268 1297 regem,
296 1222 427 1280 hostium
450 1222 561 1278 artibus
583 1221 747 1279 intectum:
765 1221 823 1280 iam
844 1222 922 1279 inter

60 1321 236 1391 ‘provincias
261 1322 421 1382 Romanas·
439 1319 545 1377 sotium
580 1318 788 1400 Arsacidarum
810 1318 922 1389 haberi,

61 1418 195 1493 ‘darique
236 1420 301 1477 Vbi
315 1420 398 1476 iiiam
411 1419 535 1494 gloriam
550 1418 755 1478 trucidantium
777 1420 923 1489 crassum,

62 1518 289 1577 ‘exturbantium
317 1518 499 1586 Antonium3
526 1518 553 1574 si
576 1518 754 1591 mancipium
778 1518 924 1587 casnm,

61 1620 117 1675 ‘tot
128 1636 177 1691 per
189 1636 284 1676 annos
307 1619 482 1676 seruitutem
505 1635 682 1691 perpessum,
705 1617 820 1678 Parthia
833 1616 924 1690 impe·

62 1714 171 1775 ‘ritert’
193 1718 392 1777 Accendebat
411 1716 608 1789 dedignantes
622 1723 653 1774 et
674 1716 925 1790 inuniversae·

62 1813 190 1874 maiorum
203 1817 365 1885 institutia3
386 1833 451 1873 raro
466 1821 584 1883 venatu,
597 1815 680 1890 segni
691 1832 827 1890 equorum
837 1832 924 1887 cum

61 1913 183 1986 quotiens
209 1935 263 1990 per
294 1917 381 1973 urbes
409 1915 570 1982 incederet,
601 1915 726 1973 lecticae
752 1914 925 1990 gestamine,

60 2010 180 2089 astuque
194 2033 264 2090 erga
282 2014 391 2088 patrias
406 2017 514 2087 epulas.
557 2015 762 2078 lnridebantur
775 2020 805 2072 et
816 2013 926 2072 Graeci

59 2114 182 2181 comites,
196 2132 232 2171 ao
247 2113 396 2172 vilissima
410 2113 588 2190 ,utensilium
613 2115 723 2170 annaio
736 2115 854 2169 cinnae:
875 2113 928 2169 sea

61 2212 177 2285 prompti
190 2212 299 2279 aditus,
322 2211 411 2269 obvia
435 2213 568 2280 comitas,
592 2212 711 2285 ignotae
732 2211 848 2269 Peribis
873 2210 928 2267 vir·

62 2312 140 2376 tutes,
162 2328 241 2369 nova
269 2310 361 2380 vitia;
381 2316 412 2369 et
433 2312 501 2385 qnia
524 2310 652 2384 ipsorum
674 2309 801 2368 moribus
822 2307 929 2378 aliena,

62 2407 174 2479 perinde
192 2410 296 2467 odium
308 2410 406 2483 pravis
420 2415 450 2467 et
463 2409 604 2467 honestis.
646 2409 739 2484 Igitur
753 2411 962 2478 Artabanus,3

64 2506 295 2567 Arsacidarume
310 2508 461 2582 sanguine,
470 2510 547 2583 apud
557 2510 660 2566 Dahas
668 2509 792 2576 adultus,
805 2509 929 2578 excitur,

63 2605 202 2682 primoque
226 2625 388 2682 congressu
414 2607 505 2672 fusus,
532 2615 646 2681 reparat
671 2608 758 2677 vires,
785 2627 929 2685 regnoque

62 2705 168 2773 potitur.
202 2689 299 2764 Victo
310 2706 432 2763 Vononi
441 2705 600 2780 perfugium
614 2706 823 2776 Armeniat'nit,
835 2726 931 2767 vacua

64 2807 134 2871 tnnc,
146 2804 283 2880 interque
298 2805 468 2862 Parthorum
482 2811 513 2862 et
530 2805 678 2863 Romanas
691 2824 761 2880 opes
775 2807 873 2876 infida,
893 2810 931 2867 ob

62 2904 148 2960 metus
164 2903 306 2971 Antonii,
319 2905 368 2979 qni
384 2905 580 2972 Artavasden,
602 2922 700 2978 regem
719 2907 932 2976 Armeniorum,

64 3002 155 3072 specie
180 3003 332 3080 amicitiae
357 3003 509 3068 iniectum,
536 3003 606 3062 dein
631 3005 744 3062 catenis
771 3011 933 3074 oneratum,

65 3104 204 3169 postremo
218 3102 417 3159 interiecerat.
458 3102 529 3159 Eius
543 3102 619 3159 titius
636 3101 784 3170 Artaxias,
794 3103 935 3160 memoria

64 3200 148 3269 patris
162 3200 248 3256 nobis
274 3200 414 3268 intensus,
434 3202 642 3258 Arsacidarum
657 3201 688 3258 vi
701 3218 790 3274 seque
804 3218 936 3274 regnum·

64 3312 115 3368 que
134 3302 245 3354 tutatus
270 3304 325 3355 est.
349 3300 451 3357 occiso
472 3300 601 3357 Artaxia
625 3318 677 3373 per
700 3300 797 3357 dotum
822 3299 936 3371 propia·

63 3411 187 3467 quorum,
201 3398 319 3458 detnsa
344 3398 471 3456 Caesare
487 3398 637 3456 Armeniis
661 3398 816 3473 Tigranes,
830 3400 936 3457 derluc·
966 3427 970 3430 ·

65 3495 161 3567 iusque
175 3495 208 3552 in
234 3513 387 3568 regnuma
413 3497 539 3554 Tiberio
552 3499 682 3556 Nerone.
724 3499 790 3556 Neo
812 3499 937 3574 Tigrani

64 3590 229 3651 diuturnum
243 3592 397 3667 imperinm
420 3595 483 3664 suit,
506 3614 599 3670 neque
625 3598 723 3656 liberis
747 3599 819 3672 eius,
841 3617 937 3675 quam·
