2459 4267
272 354 321 419 to
582 369 769 417 annaurim
1003 368 1082 417 av.
1098 366 1149 415 aar.

271 530 349 590 «lna,
363 527 446 597 pater
465 523 573 590 Druse,
594 522 704 596 imago,
728 521 771 580 tui
796 521 938 580 memoria
961 521 1068 579 iisdem
1090 520 1155 576 istis

271 631 357 679 ‘oum
370 621 521 687 militibus,
535 638 606 695 qnos
631 622 691 677 iarn
714 621 806 693 pudor
819 626 850 676 et
873 620 968 695 gloria
981 621 1082 685 intrat,
1095 621 1154 673 elu·

273 727 341 778 ‘ant
355 721 432 778 banc
453 722 609 786 maculam,
623 719 737 793 irasque
751 718 859 775 civiles
873 720 904 775 in
918 718 1050 775 exitium·
1059 716 1147 773 bosti-

272 819 341 875 ‘bns
354 824 479 876 venant.
514 819 579 875 Vos
589 835 714 892 qnoque,
724 834 845 891 qnorum
856 817 914 874 alia
924 834 1002 873 nunc
1016 833 1077 880 ora,
1091 814 1150 870 alia

273 920 408 989 ‘pectora
419 923 569 983 contueor,
582 917 608 973 si
623 918 736 989 legatos
751 916 884 983 Semini,
902 915 1074 990 obsequium
1093 914 1153 969 lm*

271 1015 423 1088 ‘portatori
432 1015 458 1070 si
469 1014 540 1071 mibi
553 1015 710 1087 coniugem
721 1019 751 1070 et
763 1014 854 1071 lilium
865 1013 995 1080 redditis,
1004 1011 1152 1069 discedite

272 1121 308 1169 ‘a
322 1118 470 1178 contactu,
490 1128 526 1169 ac
540 1112 667 1169 dividite
679 1112 826 1169 turbidosz
841 1113 871 1168 id
884 1106 992 1168 stabile
1002 1113 1041 1166 ad
1052 1109 1150 1183 poeui-

218 1216 260 1273 44
274 1211 427 1277 ‘tentiam
441 1211 471 1267 id
486 1211 553 1267 fidei
569 1212 720 1267 vinculum
734 1207 809 1267 erit!
844 1210 1001 1283 Supplices
1013 1211 1053 1266 ad
1068 1210 1152 1274 baec,

271 1315 318 1366 ‘et
333 1326 403 1366 vera
416 1310 583 1382 exprobrari
594 1310 730 1372 latentes,
740 1312 873 1374 orabant,
887 1316 895 1342 ‘
908 1309 1023 1381 puniret
1037 1308 1149 1380 noxios,

278 1408 460 1481 ‘ignosceret
474 1408 572 1481 lapsis,
586 1414 617 1463 et
629 1409 750 1464 duceret
764 1407 795 1465 in
812 1410 943 1465 bostem:
965 1412 1154 1464 revocaretur

272 1506 409 1572 ‘conium
423 1506 529 1562 rediret
554 1508 702 1580 legionum
725 1509 869 1572 alumnus,
884 1524 960 1564 neve
975 1509 1064 1562 obses
1079 1506 1151 1562 Gal·

273 1605 327 1662 ‘lis
341 1603 519 1661 traderetur?
560 1605 699 1662 Reditum
716 1606 899 1679 Agrippinae
923 1604 1092 1670 excusavit,
1114 1604 1152 1659 ob

274 1703 477 1760 imminentem
502 1710 618 1775 partum,
642 1711 673 1760 et
697 1705 844 1761 hiemem:
869 1709 1013 1759 uodonem
1034 1701 1152 1781 filiam.-
1223 1685 1224 1738 l

272 1807 362 1857 cetero
380 1799 667 1877 ipnexsepaerannr.
708 1802 883 1859 Discurrunt
897 1802 1010 1867 mutati,
1033 1807 1065 1857 et
1079 1800 1152 1857 aedi·
1223 1863 1224 1878 ἶ

273 1898 459 1957 tiosissimnm
472 1917 614 1974 quemque
636 1901 753 1958 vinctos
777 1902 896 1957 trabunt
917 1902 954 1957 ad
970 1902 1098 1992 logaJum
1113 1899 1152 1955 le·

272 1997 367 2073 glonis
386 1999 506 2071 primae,
520 1999 556 2056 C.
572 1999 754 2065 Cotronium,
767 2001 817 2073 qni
831 1998 973 2056 indicium
986 2003 1017 2053 et
1042 2012 1150 2070 poenas

273 2098 311 2154 de
339 2098 462 2172 singulis
484 2098 513 2154 in
528 2098 608 2155 bunc
630 2101 746 2155 modum
767 2098 910 2153 exercuit.
952 2098 1080 2153 Stabant
1101 2110 1152 2168 pro

272 2195 417 2253 concione
430 2198 572 2269 legiones,
586 2197 734 2252 destrictis
747 2195 854 2267 gladiis
871 2213 936 2251 reus
958 2195 990 2250 in
1011 2198 1159 2268 suggesta*

273 2309 325 2366 per
338 2293 482 2352 tribunum
496 2295 721 2351 ostendebatur:
742 2294 766 2349 si
782 2298 939 2351 nocentem
963 2294 1148 2350 adclamave-

273 2396 346 2457 ranl,
362 2408 501 2463 praeceps
521 2393 605 2449 datus
620 2394 824 2449 trucidabatur.
839 2399 869 2448 et
890 2394 1036 2466 gaudebat
1051 2390 1147 2449 caedi·

274 2488 326 2544 bus
350 2488 443 2553 miles,
464 2495 609 2562 tamqnam
629 2498 722 2548 semet
746 2493 934 2547 absolveretr
955 2507 1010 2547 nec
1036 2492 1147 2548 Caesar

273 2587 405 2652 arcebat,
423 2588 549 2659 qnando,
573 2589 655 2645 nullo
679 2589 767 2661 ipsius
792 2590 880 2658 iussu,
915 2607 1006 2662 penes
1028 2591 1148 2645 eosdem

273 2680 398 2738 saevitia
413 2682 483 2738 lacti
497 2690 527 2739 et
541 2685 656 2743 invidia
675 2693 746 2743 erat.
761 2688 855 2744 secuti
878 2690 1047 2759 exemplum
1072 2693 1148 2742 vete·

274 2778 346 2845 rani,
365 2779 441 2835 haud
456 2783 546 2838 multo
566 2784 676 2855 postia
701 2786 837 2842 Raetiam
864 2785 1025 2851 mittuntur,
1048 2783 1146 2857 specie

274 2877 475 2935 defendendae
487 2882 668 2952 provinciae,
681 2886 719 2939 ob
730 2884 910 2942 imminentis
924 2887 1038 2942 Suevos
1049 2904 1058 2954 ς
1071 2888 1146 2940 cete·

215 3030 224 3036 .
274 2994 346 3045 rnm,
360 2984 392 3034 nt
403 2980 600 3039 avellerentur
612 2981 724 3049 castris,
741 2983 870 3040 trucibus
893 2985 998 3049 adhuc,
1013 3001 1072 3039 uon
1096 2980 1146 3038 mi·

305 3156 340 3200 Ar
354 3154 449 3201 dividite
468 3154 576 3216 turbidos]
596 3154 707 3211 Dialia,
726 3171 767 3216 pro
786 3155 903 3215 secernite,
919 3156 1029 3216 seiungite
1045 3171 1059 3202 a
1078 3123 1147 3210 dabis,

275 3213 553 3274 qnodestaaneinsolens.
585 3214 639 3259 Errr

314 3292 348 3338 Ob
373 3290 515 3337 imminentes
541 3291 632 3351 Sueuos]
672 3292 791 3343 Quomodo
811 3292 878 3339 Snevi
905 3292 1002 3339 Raetiae
1032 3291 1145 3338 imminere

274 3351 395 3410 potuerint¹
413 3350 508 3406 intelligi
539 3357 599 3397 otest
618 3365 632 3396 e
649 3351 725 3397 Germ.
742 3356 777 3398 43.
802 3352 862 3397 Era.
894 3352 998 3398 Raetiam
1016 3367 1065 3396 rum
1083 3350 1143 3396 Brut.

290 3409 443 3467 osnibbiqne.
460 3422 504 3452 non
548 3410 613 3466 bort,
634 3410 663 3455 de
683 3412 802 3456 multorum
820 3412 937 3456 doctorum
953 3408 1076 3455 sententia.¹
1110 3407 1145 3452 lta

274 3423 362 3567 ἐνόεε
379 3466 469 3524 plurimi
488 3472 510 3510 et
539 3469 618 3528 optimi
664 3468 758 3515 Rbenm
781 3469 913 3524 obvertitur,
933 3469 986 3513 scio.
1021 3469 1104 3513 Verum
1122 3465 1144 3509 iu

275 3523 357 3627 inpigri?
377 3537 421 3568 non
440 3523 576 3573 Germanica
594 3526 665 3587 origo,
689 3529 729 3575 sed
747 3528 901 3580 Rornanorum
919 3528 1057 3575 oomuetudo
1085 3537 1144 3585 spee-

751 3695 760 3728 Ι
