2459 4267
57 364 97 410 a,
120 361 149 408 o.
166 354 207 407 aa:
335 358 405 406 ars.
430 343 506 408 xin.
557 354 635 410 ons.
664 346 721 413 14.
875 350 947 420 359

61 521 170 589 ‘quae
197 513 290 587 prima
314 518 405 582 aetas,
426 519 457 571 et
477 532 590 574 summa
613 518 726 577 fortuna
752 526 946 595 expeterenb’

63 613 158 685 Quin
183 616 214 669 et
238 611 380 670 fatebatur
399 612 657 687 ‘intempestivam
685 620 892 690 severitatem?
916 628 948 682 et

63 728 195 769 suarum
216 729 312 785 opum,
333 729 407 787 qnae
433 713 509 771 baud
538 719 637 788 proout
664 716 860 792 imperatoriis
880 725 946 781 abe-

62 816 152 882 rant,
175 811 276 884 copias
304 812 455 869 tradebatz
487 819 517 870 ut
545 814 636 873 nimia
661 832 753 890 nuper
782 825 946 881 coercendo

62 909 144 979 ntro,
159 909 202 966 ita
212 927 320 968 rursum
335 898 562 985 intemperanter
577 916 713 974 demissa.
756 919 839 992 Quae
854 927 944 979 muta·

63 1007 240 1082 tio-neque
269 1010 417 1068 Neronem
444 1011 558 1081 rerunt,
582 1019 612 1071 et
640 1016 764 1088 proximi
787 1019 946 1080 amicorum

62 1095 253 1175 metuebant,
279 1110 466 1185 orabantque,
495 1114 621 1170 ‘cavere
653 1115 777 1173 insidias
806 1119 944 1189 mulieris,
972 1122 975 1127 ’

63 1212 212 1279 ‘semper
224 1208 341 1273 atronis,
366 1214 427 1266 tum
454 1215 485 1267 et
508 1209 618 1267 salsae!
657 1213 748 1270 Forte
769 1214 828 1272 nris
841 1218 943 1276 diebus

66 1305 196 1371 Caesar,
222 1305 355 1378 inspecto
368 1334 371 1341 ·
386 1313 503 1374 ornatu,
522 1326 579 1384 qno
607 1296 775 1384 Prinoipum
804 1316 943 1391 coniuges

62 1419 106 1461 an
118 1407 255 1476 parentes
269 1404 442 1476 ed'ntserant,
454 1407 558 1482 deligit
569 1416 682 1468 vestem
691 1418 721 1468 et
730 1430 870 1486 gemmas,
879 1415 943 1473 mis·

63 1503 158 1578 itque
173 1505 282 1561 donum
296 1504 389 1570 matri,
403 1507 482 1564 nnita
494 1494 681 1580 parsimonia,
694 1529 761 1569 cum
777 1513 942 1588 praecipua,

66 1610 102 1661 et
112 1603 213 1677 cupita
227 1603 302 1671 aiiis,
321 1604 397 1677 prior
408 1605 620 1665 deterreaSeo
638 1610 810 1684 Agrippina,
827 1631 885 1671 non
897 1614 942 1671 bis

65 1709 75 1734 ‘
88 1703 195 1760 instrui
209 1706 303 1760 outtus
316 1721 391 1770 suns,
405 1705 455 1760 sed
469 1705 689 1776 ueterisaroeri,
706 1712 877 1780 proctamet,
887 1718 895 1744 ‘
907 1714 937 1769 et

64 1801 224 1859 ‘dividere
236 1803 334 1869 titium,
348 1820 422 1877 quae
435 1809 543 1861 ounota
554 1822 594 1861 ex
613 1805 677 1878 ipsa
692 1806 834 1864 baberet?
874 1809 941 1866 Neo

65 1900 191 1958 defuere
201 1901 288 1976 quiin
299 1902 424 1959 deterius
436 1902 584 1960 referrent.
605 1903 645 1961 Et
660 1904 740 1961 Nero
750 1905 880 1962 infensus
895 1906 941 1975 its,

65 2003 175 2078 quibus
196 2004 329 2076 superbia
354 2005 482 2063 mulieris
502 2004 689 2071 innitebatur,
708 2007 846 2062 demovet
875 2002 992 2064 Par-14

64 2104 183 2160 tantem
196 2119 264 2159 aura
279 2120 380 2169 rerum,
401 2104 502 2177 qntsa
531 2103 656 2161 Claudio
684 2088 836 2177 inpositus,
858 2107 941 2163 vetut

64 2200 209 2259 arbitrum
234 2201 329 2275 Regni
357 2204 481 2276 agebat:
512 2202 720 2276 ferebaturque,
747 2203 937 2276 degrediente

63 2317 112 2368 eo,
129 2317 236 2373 magna
254 2284 491 2375 prosequentium
517 2288 712 2368 multitudine,
736 2319 795 2358 non
817 2298 939 2359 absurde

65 2399 184 2456 dixisse
199 2419 206 2454 a
226 2398 273 2455 Ire
298 2397 465 2467 Pallantem,
478 2405 509 2455 nt
522 2398 651 2456 duraret
697 2401 776 2457 Sane
791 2399 941 2474 pepigerat

64 2497 181 2562 Patiar,
199 2504 257 2553 ‘ne
271 2498 352 2555 onius
367 2498 437 2555 tanti
461 2482 491 2555 in
507 2480 693 2570 praeteritum
706 2499 939 2572 interrogaretur,

63 2602 75 2628 ¹
89 2614 232 2671 paresque
246 2596 372 2653 rationes
386 2614 453 2654 oum
468 2598 592 2669 Repnbt.
614 2595 753 2654 baberet.’
794 2598 939 2673 Praeceps

65 2697 229 2769 posthaec
259 2695 419 2769 Agrippina
441 2714 523 2753 ruere
545 2697 582 2752 ad
619 2701 756 2755 terrorem
779 2704 809 2754 et
834 2699 938 2757 minas.

65 2812 163 2869 neque
176 2793 319 2865 Principis
333 2794 448 2851 auribus
470 2795 625 2863 abstinere,
639 2814 695 2870 quo
709 2799 807 2854 minus
822 2806 948 2857 testare-⁴

65 2898 122 2959 tur,
144 2894 294 2950 ‘aduttum
314 2893 372 2948 iam
386 2911 451 2949 esse
467 2893 679 2960 Britannicum,
695 2912 793 2950 veram
809 2896 938 2969 dignam·

64 3010 125 3067 qne
138 2992 258 3062 stirpem
279 2991 464 3064 suscipiendo
479 2993 566 3063 patris
583 2991 720 3063 imperio,
744 2993 819 3063 qnod
834 2992 937 3050 insitus

71 3098 120 3147 ‘et
135 3091 300 3162 adoptivus,
321 3110 371 3164 per
389 3091 508 3148 iniurias
530 3091 630 3148 matris
655 3097 814 3146 exerceret.
868 3093 937 3149 Nou

66 3193 216 3257 ‘abnuere
237 3208 279 3252 se,
294 3191 362 3264 quin
377 3198 484 3247 nnnota
498 3189 625 3246 infelicis
646 3191 747 3246 domus
769 3192 844 3246 mata
859 3187 937 3261 pate'·

65 3290 198 3357 ‘fierdun
225 3306 294 3345 snae
316 3289 346 3344 in
372 3289 470 3359 primis
495 3288 621 3359 nuptiae,
647 3306 729 3344 suum
752 3288 936 3345 veneficium.

69 3386 128 3444 ‘ln
142 3389 235 3444 solnm
251 3387 315 3444 Diis
330 3394 358 3443 et
373 3387 428 3444 sibi
444 3388 599 3458 provisum,
613 3388 688 3461 qnod
705 3386 816 3444 viveret
832 3385 937 3460 privig-

66 3493 155 3543 ‘nns
197 3486 307 3544 ituram
330 3503 398 3545 num
424 3486 477 3545 ino
496 3487 527 3544 in
552 3492 656 3543 castra.
698 3483 935 3544 Andiretnrhino
