2459 4267
258 359 331 429 364
573 379 759 429 annutans
988 380 1136 430 ausos.

254 534 371 610 saepius
391 535 451 594 iam
464 534 565 594 audita
584 536 727 603 deserens,
746 533 846 610 ‘quod
866 533 1036 592 Britannici
1058 553 1137 593 mor·

256 638 338 693 ‘lem
370 636 492 709 lugeret,
527 640 579 692 aut
614 634 760 693 Octaviae
794 633 914 707 iniurias
948 636 1104 708 evulgaret
1115 633 1137 705 ς’

258 734 320 800 sed,
353 734 573 792 ‘destinavisse
605 752 681 798 eam,
716 733 882 791 Rubellium
903 733 1052 797 Plautum,
1084 750 1139 806 per

257 840 438 891 ‘maternam
458 833 600 906 originem
622 833 684 905 pari
704 850 740 889 ac
761 833 842 890 Nero
862 833 951 906 gradu
973 850 992 888 a
1006 833 1046 889 D.
1074 833 1136 889 Aa·

257 936 368 1004 ‘gustu
389 931 426 988 ad
441 950 486 988 res
510 948 602 988 novas
627 933 793 1002 extollere3
813 931 1007 1006 coniugioque
1022 931 1088 988 eins
1102 937 1137 988 et

256 1029 335 1085 ‘iam
349 1029 471 1102 imperio
486 1029 590 1102 Ramp.
612 1048 708 1087 rursus
724 1018 884 1087 invaderess’
924 1031 1009 1087 llaec
1024 1029 1145 1091 itarius,

255 1132 285 1185 at
315 1126 465 1186 Calvisius
495 1129 640 1195 Atimeto,
670 1129 829 1196 Domitiae,
863 1128 991 1185 Neronis
1011 1128 1135 1197 amitae,

255 1226 372 1296 liberto,
404 1227 549 1301 aperiunt.
603 1228 673 1300 Qui,
694 1229 786 1286 laetus
806 1227 912 1284 oblatis
932 1227 1051 1303 (quippe
1088 1228 1135 1285 in·

258 1332 304 1384 ter
317 1326 511 1403 Agrippinam
530 1333 560 1385 et
574 1326 735 1386 Domitiam
750 1327 864 1384 insensa
876 1327 1032 1384 aemulatio
1045 1344 1136 1384 exer·

257 1425 392 1502 cebatur)
427 1426 563 1483 Paridem
597 1426 780 1494 histrionem,
807 1426 945 1482 libertum
973 1430 1003 1481 et
1030 1424 1133 1498 ipsum

256 1522 416 1590 Domitiae,
447 1523 563 1595 inpulit.
598 1521 641 1580 irc
662 1541 788 1600 propere,
815 1521 970 1600 nimenpuc
996 1521 1133 1581 atrociter

204 1619 368 1700 ‘iddascrra
411 1621 558 1679 Provecta
571 1639 633 1679 nox
654 1629 726 1691 erat,
740 1629 771 1681 et
793 1624 906 1681 Neroni
919 1640 971 1695 per
994 1622 1135 1680 vinolen-

256 1720 326 1780 tiam
351 1721 534 1790 trahebatur3
555 1738 624 1779 cum
647 1721 806 1794 ingreditur
831 1722 922 1791 Paris,
943 1720 1134 1778 solitusalio·

256 1819 326 1897 quin
353 1819 384 1877 id
413 1821 552 1896 temporis
572 1823 658 1878 luxus
689 1821 835 1894 Principis
861 1820 1023 1878 intendere.
1064 1820 1133 1876 Sed

257 1925 328 1979 tuno
351 1921 529 1995 compositus
549 1921 587 1978 ad
607 1919 792 1987 maestitiam,
815 1919 1006 1993 expositoque
1026 1916 1136 1975 indicii

258 2020 368 2089 ordine,
382 2019 426 2077 ila
447 2021 615 2078 audientem
637 2024 775 2088 exterret,
798 2024 830 2076 ut
852 2034 911 2075 non
936 2022 1048 2075 tantam
1069 2033 1134 2074 ms·

257 2123 332 2176 trem
353 2118 544 2193 Plautumque
556 2117 731 2184 interficere,
753 2117 804 2174 sed
825 2117 948 2174 Burrum
968 2115 1059 2172 etiam
1080 2116 1134 2174 de·

257 2234 377 2274 movere
397 2217 581 2275 Praefectura
594 2214 762 2283 destinaret,
782 2218 928 2289 tamquam
945 2214 1133 2288 Agrippinae

257 2316 351 2391 gratia
365 2322 538 2389 proveetum
551 2320 582 2372 et
596 2315 694 2373 vicem
708 2315 887 2372 reddentem.
928 2302 1041 2371 Fabius
1055 2312 1134 2370 Rus·

257 2415 332 2473 ticus
365 2420 467 2472 auctor
486 2419 541 2482 eat,
554 2422 563 2447 ⁴
577 2414 700 2488 scriptos
714 2431 778 2470 esse
802 2413 839 2470 ad
867 2411 1029 2470 Caecinam
1052 2411 1134 2468 Tus·

258 2521 344 2571 ‘cam
358 2514 525 2580 codicillos,
538 2514 677 2570 mandata
689 2515 718 2569 ei
739 2510 952 2570 Praetoriaram
965 2510 1133 2567 cohortium

256 2618 344 2668 ‘eura
355 2631 362 2666 ε
376 2613 429 2668 sed
437 2628 493 2684 ope
506 2613 640 2670 Senecae
649 2611 850 2684 dignationem
861 2610 954 2665 Burro
965 2605 1131 2675 retentam}

256 2706 371 2766 Plinius
386 2713 417 2765 et
438 2708 573 2778 Cluvius,
586 2709 663 2767 nibil
676 2708 838 2768 dubitatum
851 2708 888 2764 de
902 2706 960 2764 lide
975 2705 1133 2773 Praefecti,

284 2880 500 2942 Atrociterdcfarra]
531 2882 554 2928 b.
574 2895 594 2928 e.
612 2885 748 2943 temporeet
764 2883 839 2939 modo,
858 2896 903 2942 quo
918 2880 1017 2927 maxime
1032 2894 1133 2927 mmmc-

255 2946 321 2989 veret
330 2941 428 2988 Neronis
437 2938 542 2987 animum.
554 2941 584 2987 sic
592 2943 651 3002 apud
662 2941 801 2995 Ciceronem,
811 2947 893 2986 atroces
903 2941 988 2987 literae.
1021 2938 1083 2985 Em.

286 3022 371 3069 Pullius
387 3020 506 3080 Rrutirua]
546 3019 658 3067 Historias
675 3034 751 3066 eorum
771 3025 896 3080 temporam
916 3017 1018 3077 scripsit:
1034 3018 1065 3062 de
1083 3031 1131 3077 qno

256 3083 351 3141 elogium
361 3081 471 3133 nostrils
492 3083 546 3137 Agr.
566 3082 598 3126 lli.
630 3079 712 3125 lisias
729 3084 835 3125 ueterum.
865 3078 951 3124 Fabius
964 3076 1075 3123 Rusticus
1093 3091 1132 3122 re·

256 3142 354 3188 cendum
363 3139 533 3198 eloquentissimi
543 3139 664 3195 scriptores.
695 3136 759 3194 Lips.

285 3220 324 3265 Aa
337 3217 569 3264 Grannum-liuram
587 3215 707 3276 codicillos]
740 3215 801 3262 Bene
820 3214 890 3261 etad
909 3213 978 3259 ritum
998 3212 1049 3258 eius
1068 3212 1131 3268 aevi,

260 3277 382 3324 codicillos.
415 3277 475 3322 Nam
486 3277 557 3323 officia
572 3274 647 3322 omnia
665 3275 913 3335 administrationesque
930 3274 981 3318 dari
999 3271 1134 3333 aPriueipe

255 3336 322 3383 moris
332 3337 355 3381 in
364 3335 479 3399 codicillis.

285 3413 389 3467 Plinius]
424 3413 446 3457 ln
459 3413 521 3459 libris
529 3412 688 3470 Historiarum,
698 3428 752 3474 quos
771 3428 785 3458 a
803 3415 847 3458 line
863 3408 943 3458 Aufidii
961 3409 1024 3456 Bassi
1039 3423 1134 3469 compc-

255 3472 298 3516 suit
308 3473 402 3526 triginta
411 3479 434 3514 rt
444 3486 518 3517 uuum.
536 3472 625 3543 ipsein·
635 3473 706 3518 Praei.
726 3473 757 3518 ad
766 3471 858 3517 Titum:
876 3470 924 3516 Nat
936 3469 1027 3527 patititur
1045 3482 1132 3523 omnes,

252 3534 337 3582 patrem
347 3535 374 3581 tt,
378 3534 519 3585 fratremque
527 3531 628 3575 dicimus
636 3545 698 3586 opere
707 3531 779 3575 iusto.-
795 3535 916 3585 temporum
925 3532 1055 3572 mirorum
1063 3526 1133 3572 trista

253 3586 365 3630 riomorsa‘
372 3587 443 3643 afiaa
451 3588 545 3645 Aufidii
556 3588 629 3634 Bassi.
661 3589 759 3635 Mem
773 3587 842 3634 libros
850 3584 967 3645 intelligit,
977 3589 1000 3641 2,
1011 3587 1047 3632 to.
1081 3585 1132 3632 Il'ar
