2459 4267
87 307 152 360 ac.
170 314 204 359 υ.
330 313 400 360 arn.
426 313 449 359 1.
492 292 756 363 cunia-77.
908 293 956 361 63

83 468 250 526 mandatam.
295 468 444 526 Acbatarn
457 486 493 526 ac
515 464 739 534 monum,
752 483 845 527 onera
856 467 957 542 depre·

82 566 179 633 cantis,
192 567 288 623 tevari
302 567 336 626 iu
349 585 487 642 praesens
501 570 700 641 proconsulari
722 567 858 642 irnperio,
872 566 957 624 tradi·

83 684 133 740 que
146 666 269 724 Caesari
283 668 406 740 placuit.
428 668 561 725 Edendis
573 668 875 743 gladiatoribusque·
885 667 958 724 Ger·

77 764 183 852 nanici
195 765 339 824 fratrisac
365 784 418 824 suo
432 766 550 825 nornine
572 769 727 836 obtulerat,
746 769 858 825 Dareus
874 783 953 839 prae·

80 866 157 936 sedit,
170 883 347 941 quamquam
370 867 425 923 vtti
447 865 589 941 sangnine
614 865 701 923 nimis
719 867 867 940 gaudem:
883 865 960 938 quod

80 966 163 1038 vulgo
175 964 408 1031 formidolosum,
421 971 451 1023 et
466 971 548 1038 pater
559 966 689 1039 arguisse
702 966 864 1023 dicebatur.
895 964 957 1023 Cur

82 1063 246 1123 abstinuerit
258 1067 435 1140 spectaculo
452 1065 526 1139 ipse,
540 1066 623 1123 varie
637 1067 809 1123 trahebant:
829 1065 881 1125 atii
896 1070 956 1122 tae·

82 1161 129 1219 dio
141 1169 254 1231 coetus,
267 1165 387 1239 quidam
402 1164 521 1221 tristitia
534 1164 658 1239 ingenit,
672 1170 703 1222 et
716 1170 795 1222 metu
808 1181 959 1237 eompara-

82 1260 173 1329 tiouis‚
187 1264 255 1337 quia
274 1265 424 1338 Augustus
437 1263 562 1321 comiter
582 1263 771 1322 interfuisset.
812 1263 882 1320 Nou
896 1280 958 1320 cre·

82 1360 208 1430 diderint,
235 1365 274 1421 ad
303 1364 509 1421 ostentandam
540 1363 707 1429 saevitiam,
737 1363 956 1436 movendasque

82 1461 175 1533 popuii
187 1461 378 1529 offensiones,
391 1478 564 1520 concessam
584 1461 648 1520 uuo
673 1461 842 1519 materiem:
862 1477 960 1536 quam·

84 1575 163 1633 quarn
187 1562 218 1620 id
243 1553 360 1637 qnoque
383 1562 496 1620 dictum
520 1566 575 1618 est.
629 1563 671 1620 At
694 1561 800 1619 theatri
828 1559 1010 1625 licentiati

86 1659 212 1730 proximo
241 1662 341 1732 priore
366 1678 447 1720 anuo
472 1665 587 1734 coepta,
617 1660 736 1735 gravius
767 1667 828 1719 turn
855 1657 959 1732 erupit,

87 1757 185 1817 occisis
200 1779 261 1819 uon
280 1762 368 1819 modo
391 1779 409 1817 e
433 1761 529 1833 plebe,
553 1760 604 1816 sed
619 1759 760 1818 militibus
783 1765 814 1817 et
834 1759 960 1819 centuri.

87 1872 147 1925 one,
167 1862 324 1919 vulnerato
343 1859 461 1918 tribuno
480 1858 645 1932 praetoriae
664 1858 803 1928 cohortis,
815 1861 884 1917 dnm
898 1876 961 1932 pro·

87 1955 135 2012 bra
146 1956 177 2015 in
197 1958 384 2033 magistratus
407 1962 439 2015 et
461 1958 676 2016 dissensionem
690 1958 773 2032 voigi
794 1958 958 2030 probibent

90 2055 192 2114 Actum
214 2060 254 2116 de
270 2076 306 2115 ea
328 2056 473 2115 seditione
493 2058 568 2130 apud
594 2058 705 2123 Patres,
730 2057 959 2131 dicebanturque

89 2157 254 2225 sententiae,
275 2162 307 2214 ut
320 2153 504 2213 Prnnnibus
523 2154 570 2212 ius
589 2154 738 2231 virgam
757 2153 789 2210 in
809 2152 960 2211 isntsineaes
1004 2153 1015 2164 ”

88 2259 159 2311 eard.
178 2255 348 2315 intercessit
376 2254 515 2312 Haterius
543 2256 674 2329 Agrippa
698 2253 830 2311 tribunus
851 2252 959 2329 pi‘ebei,

91 2351 299 2430 increpitusque
321 2359 366 2411 est
389 2353 489 2412 Asinii
509 2353 592 2410 Gatti
611 2353 756 2422 oratione,
780 2353 886 2411 sitente
906 2351 959 2409 Ti·

91 2452 172 2521 berin,
185 2456 234 2530 qui
248 2472 284 2512 ea
297 2452 453 2511 simulacra
474 2452 620 2510 libertatis
645 2452 770 2516 Senatui
792 2452 959 2527 praebebat·

91 2552 176 2611 ualuit
188 2561 289 2613 tamen
304 2551 487 2620 intercessio,
501 2552 569 2626 quia
589 2552 677 2609 divus
692 2554 840 2626 Augustus
861 2549 959 2609 imane·

91 2665 135 2707 aas
153 2652 297 2712 antenna
319 2649 471 2710 maanes
484 2652 634 2726 qnondam
657 2653 960 2729 responderat,neque

91 2748 127 2805 ias
147 2752 279 2818 Tiberio,
299 2751 457 2825 intringere
471 2752 553 2808 dieta
566 2751 639 2807 eins.
681 2751 728 2807 De
743 2754 830 2810 rnodo
844 2750 959 2817 tuearis,

93 2854 118 2903 et
131 2851 268 2910 adversus
289 2850 444 2908 lasciviam
465 2851 617 2915 tantorum,
638 2852 728 2907 muita
747 2852 958 2908 decernuntur:

93 2965 127 3005 su
139 2952 200 3025 quis
216 2950 344 3008 maxime
358 2949 502 3023 insignia:
524 2956 532 2983 ⁸
544 2965 581 3007 ne
595 2951 697 3007 domos
717 2949 959 3024 pantomimorum

118 3105 222 3152 Asinium
240 3120 267 3151 oc
283 3104 446 3165 Macedoniam]
480 3105 588 3151 Achaiam
621 3105 665 3150 uod
685 3103 726 3161 ait,
746 3102 822 3163 capies
837 3098 960 3148 Graeciam

95 3164 172 3213 tabu:
187 3165 299 3212 necauirn
307 3164 376 3211 aliter
385 3168 437 3209 tuuc
448 3164 595 3224 appellabant
627 3162 710 3210 omani.
742 3161 804 3217 nipe.
844 3185 847 3192 ·

118 3241 222 3291 Discedo
237 3242 331 3304 iumen]
363 3242 446 3297 Lucan,
464 3256 548 3291 merces
566 3242 716 3292 maiacum:
731 3254 746 3287 a
763 3238 827 3294 lucis,
845 3211 966 3298 quinutu
990 3283 995 3296 „

95 3298 239 3358 circanam,
249 3316 342 3363 quorum
353 3300 438 3346 reditus
449 3300 555 3347 destinati
566 3301 594 3346 ad
604 3301 678 3346 ludos.

121 3378 231 3429 Nsdsmos
248 3379 442 3439 pantomimum]
474 3379 585 3438 Magnum
595 3378 700 3431 studium.
711 3381 737 3422 ut
753 3376 831 3429 video,
846 3375 961 3446 Rouana:

96 3449 137 3483 narn
155 3441 177 3487 io
195 3443 236 3488 bas
256 3454 325 3496 cogas
344 3439 466 3495 hominurn,
483 3440 530 3485 irnn
546 3439 616 3484 saror.
656 3436 776 3484 Vestibula
791 3449 876 3490 eorum,
896 3447 959 3495 quan

96 3494 216 3559 principun,
238 3498 452 3559 frequentabantur:
482 3495 638 3544 adhaerebant
662 3495 793 3555 egressibus,
814 3508 857 3539 nnn
881 3493 960 3552 vulpis

97 3556 161 3616 uado,
170 3562 209 3608 scd
218 3559 295 3620 Eques
304 3559 449 3617 senatusque.
483 3556 560 3615 urps„
