2459 4267
435 296 660 354 rubuario.
936 301 984 354 ni

152 455 233 520 Post
247 455 332 519 banc
343 453 558 518 Historiarum
573 474 692 530 caram,
708 451 847 516 Tacitus
861 455 981 541 superi·

106 583 196 626 orem
225 562 351 647 imperii
381 560 560 622 memoriam
594 559 780 623 narrandam
811 562 980 646 suscepit3

109 688 246 751 caroque
270 690 289 731 a
312 665 439 732 Tiberii
469 666 647 751 principatu
677 665 718 728 ad
748 666 889 729 Neronis
916 667 981 729 cxi·

108 779 175 838 tum
206 775 239 836 io
264 773 442 836 Annolibus
469 772 652 847 conclusit3
688 774 839 857 pressior,
867 773 981 848 acrior,

108 859 288 954 sententiis,
327 899 420 961 quam
459 878 579 953 verbis,
618 877 851 941 abundantior:
889 898 980 963 prae·

109 985 214 1070 ceptis
248 985 398 1068 politicae
432 984 507 1045 artis
540 984 584 1046 ita
617 984 770 1069 locuples,
800 991 835 1047 ut
865 985 892 1046 ri
922 985 982 1048 bos

109 1097 229 1154 tantum
259 1090 429 1165 Annalium
464 1089 561 1151 libros
597 1089 764 1165 edidisset,
798 1088 981 1177 Principum

105 1199 367 1281 privatorumque
399 1194 568 1269 bominum,
599 1194 654 1277 qui
683 1195 723 1256 ad
754 1197 980 1281 rempublicam

105 1302 280 1375 accedunt,
307 1310 498 1386 praeceptor
525 1283 709 1383 doctorque
728 1301 916 1366 baberetur:
933 1304 980 1368 >io

107 1406 169 1472 boc
191 1407 355 1470 scribendi
378 1426 494 1487 genere
517 1407 637 1491 primus
660 1407 751 1469 simul
773 1417 807 1469 et
829 1429 978 1473 summus.

107 1512 195 1577 Inter
211 1513 293 1576 baec
309 1513 484 1597 sapientiae
499 1512 640 1587 coasilia,
655 1521 688 1575 ct
703 1514 880 1578 incredibili
896 1536 980 1579 men·

106 1620 145 1684 tis
170 1620 365 1704 capacitate,
392 1619 591 1682 cautissimas
618 1617 743 1682 'riberii
773 1629 857 1683 artes
884 1620 980 1683 extri·

108 1727 204 1800 canit,
237 1724 364 1788 Claudii
397 1724 643 1788 imbecillitatem
680 1725 860 1810 pudendam
889 1725 978 1802 lecit,

108 1830 249 1896 Neronis
266 1831 410 1893 libidines
433 1831 614 1906 infamarit3
641 1851 715 1894 sane
737 1831 892 1902 adversus
908 1831 979 1896 Caii
1047 1867 1055 1908 ,>

108 1936 232 2002 furores
248 1957 351 2019 aeque
366 1936 535 2000 animosus.
582 1938 641 2012 Ar,
659 1946 692 2001 ut
708 1939 738 2001 iu
756 1938 920 2013 Historiis,
936 1940 980 2001 its

109 2050 143 2105 et
152 2043 184 2105 in
196 2043 374 2106 Annalibus
390 2043 485 2106 multa
499 2043 676 2128 abrumpsit
690 2064 790 2108 uorax
802 2052 978 2129 temporum

109 2147 262 2210 edacitas.

151 2253 206 2317 Ea
221 2274 291 2317 cum
314 2260 530 2338 componeret,
553 2253 695 2336 Augusti
718 2254 859 2320 Annales
882 2254 978 2318 medi·

108 2364 194 2422 tatus
210 2363 295 2423 cstz¹
326 2360 521 2441 magnificum
544 2362 737 2444 dignumque
759 2359 876 2425 'Pacito
890 2382 979 2444 argu·

108 2474 271 2550 mentum3
300 2467 355 2549 qui
376 2467 569 2551 reipublicae
591 2468 695 2544 linem,
718 2475 821 2531 ortum
842 2467 977 2554 imperii,

107 2590 221 2635 versam
237 2581 522 2646 morentsotarum
536 2593 640 2636 rerum
657 2593 781 2649 causas,
797 2575 976 2657 Augustum

107 2675 146 2738 iis
162 2677 295 2759 quidem
318 2678 481 2741 movendis
503 2678 669 2763 imparem,
691 2681 749 2743 sed
764 2681 861 2744 semel
876 2691 976 2746 motas

16 2765 18 2800 ξ
107 2782 295 2850 sustinendo
320 2783 468 2860 habilem,
498 2785 694 2868 plurimaque
720 2795 786 2851 arte
813 2788 975 2872 publicum

106 2889 271 2952 servitium
304 2888 458 2954 libertatis
489 2890 600 2976 specie
633 2891 811 2956 molientem
842 2913 974 2978 expres·

16 3017 17 3028 ²
107 2993 214 3057 sisset.

153 3098 231 3162 Post
261 3107 309 3163 tot
338 3100 474 3176 labores,
507 3100 668 3166 tradendis
704 3102 876 3187 superioris
905 3102 976 3165 aevi

16 3267 17 3272 ,
105 3204 204 3272 rebus
220 3206 392 3290 impensos,
415 3216 548 3270 aetatem
572 3229 659 3272 susm
681 3215 749 3270 erat
771 3207 975 3292 repetiturus,

106 3318 143 3373 ut
160 3331 240 3373 nova
255 3320 288 3373 et
312 3314 490 3396 praesentia
512 3314 593 3377 bona
614 3314 791 3378 aeternitati
810 3332 977 3377 consecra.

104 3422 170 3490 ret,
181 3436 228 3491 ac,
238 3436 298 3502 pro
314 3416 394 3479 virili
411 3418 566 3502 portione,
580 3418 778 3503 sequentium
791 3417 975 3502 Principum

16 3619 18 3644 ,
139 3581 235 3630 maor.
247 3585 330 3634 sumt.
342 3586 431 3647 irtus.

16 3665 18 3686 ²
156 3682 233 3729 ron.
251 3684 276 3727 r.
540 3667 615 3729 cit„
