2459 4267
91 364 223 415 nom.
291 363 397 433 ‚cun
422 364 470 411 vr.
519 345 672 415 cuncto.
699 342 758 412 46.
900 343 973 413 269

93 517 129 575 Ρ.
165 516 328 577 Petronius.
375 518 415 575 El
446 534 499 593 pro
532 517 653 592 ingenio
671 517 810 594 cuiusque
845 519 971 595 quaesiti

91 617 265 692 decretique
296 616 327 674 in
362 617 545 690 Principem
564 619 698 675 honores.
733 636 803 692 quoe
837 617 970 675 omiserit

66 698 289 790 receperitve,
308 715 341 772 in
367 715 481 774 incerto
511 716 575 785 suit,
594 718 633 774 ob
667 717 857 791 propinquum
886 716 967 774 vitae

92 818 196 876 linem.
239 818 344 891 Neque
373 816 453 875 enim
474 819 565 874 multo
593 822 657 889 poet
689 818 817 889 supremi
844 815 969 873 Tiberio

52 945 54 947 ·
95 917 258 983 Consules,
278 916 334 973 Cn.
352 916 540 983 Acerronius,
561 915 598 973 0.
614 915 744 984 Pontius,
764 914 968 991 Magistrulum

92 1032 257 1087 occepere,
277 1014 367 1072 nimia
390 1014 448 1072 iam
476 1015 610 1087 potentie
641 1012 801 1083 Macronis,
833 1015 885 1089 qui
903 1031 967 1089 gre·

89 1113 165 1172 tiam
186 1113 220 1172 c.
242 1111 402 1179 caesaris,
418 1128 574 1187 numquam
593 1112 652 1170 eibi
672 1106 846 1187 neglectam,
869 1113 966 1171 aerim

91 1213 125 1271 iu
147 1212 212 1271 dice
245 1211 373 1279 fovebat,
406 1211 619 1285 inpuleratque,
640 1219 705 1285 poet
733 1218 854 1269 mortem
878 1212 965 1270 Clau·

91 1310 171 1378 eliae,
191 1328 277 1386 quam
311 1314 430 1383 nuptam
463 1308 492 1366 ei
514 1310 609 1379 retuli,
642 1326 763 1366 uxorem
787 1316 874 1368 'euam
907 1309 966 1369 Eu·

91 1392 184 1477 niam,
219 1408 395 1466 inmittendo
414 1425 513 1467 amore
536 1407 676 1466 iuvenem
705 1407 837 1476 inlicere,
867 1412 965 1482 pacto·

93 1526 152 1583 que
185 1507 364 1566 matrimonii
405 1507 531 1574 vincire,
564 1506 639 1564 nibil
679 1509 865 1576 abnuentem,
895 1508 966 1567 dunt

91 1606 304 1667 dominationis
324 1606 511 1680 apisceretur.
551 1605 641 1673 Nam,
661 1606 718 1664 etei
740 1615 902 1667 commotus
921 1607 966 1666 iu·

92 1706 192 1782 genio,
212 1706 428 1765 simulationum
449 1710 548 1764 lumen
566 1704 640 1763 talea
659 1704 690 1763 in
709 1706 775 1763 sinu
801 1706 853 1764 avi
872 1704 966 1781 perdi·

93 1806 217 1864 diceret.
259 1796 390 1863 Gnarum
410 1805 466 1861 boc
487 1802 629 1877 Principi‚
649 1820 741 1877 eoque
761 1805 907 1862 dubitarit
927 1806 963 1865 de
974 1810 1016 1870 46

92 1902 234 1962 tradenda
255 1896 472 1977 Rep‘primum
486 1902 563 1961 inter
576 1907 715 1976 nepotes:
728 1919 848 1978 quorum
868 1903 965 1962 Drueo

92 2002 221 2078 genitus,
242 2003 385 2078 sanguiue
415 2007 446 2059 et
465 2001 588 2060 caritate
612 2000 736 2074 propior,
755 2002 808 2059 red
835 2003 964 2062 nondum

91 2105 273 2176 pubertatem
294 2102 455 2175 ingrersus:
478 2098 650 2159 Germanici
670 2098 732 2157 tillo
755 2100 841 2158 robur
860 2100 963 2159 iuven·

92 2205 151 2268 lae,
163 2200 243 2275 vulgi
254 2200 358 2263 studia,
368 2218 462 2275 eaque
470 2200 547 2273 apud
557 2214 646 2256 avum
654 2196 715 2256 odii
727 2212 838 2258 caueae.
864 2198 962 2259 Elium

88 2300 127 2358 de
152 2299 278 2356 Claudio
311 2299 444 2373 agitanti,
478 2299 553 2374 quod
588 2298 624 2366 ie,
665 2298 826 2371 composita
855 2303 962 2369 octale,

91 2400 233 2457 bonarum
263 2397 367 2456 artium
385 2397 508 2472 cupiens
531 2403 605 2466 eret,
627 2396 772 2457 inminuta
795 2414 878 2458 meua
898 2398 961 2459 eiua

89 2497 214 2555 obstitit.
254 2497 308 2554 Sin
339 2502 423 2554 extre
453 2498 572 2555 domum
592 2513 748 2555 rucceeaor
767 2501 961 2572 quaereretur.

91 2614 129 2654 ne
144 2596 283 2653 memoria
305 2595 440 2670 Augusti,
459 2613 498 2654 ne
518 2613 626 2654 nomen
647 2596 806 2655 Caesarum
836 2596 867 2655 in
888 2598 961 2657 ludi·

88 2695 152 2753 bria
172 2700 203 2753 et
216 2694 408 2752 contumeliae
433 2700 591 2763 verterent,
611 2692 769 2756 metuebat.
788 2695 895 2773 quippe
914 2697 960 2756 illi
981 2704 986 2709 '

90 2811 150 2852 non
171 2793 292 2867 perinde
311 2812 398 2852 curae
417 2793 511 2869 gratie
524 2796 729 2868 praesentium,
749 2796 876 2873 quamin
897 2816 960 2871 poa·

54 2918 58 2933 =
87 2896 162 2949 teroe
183 2892 311 2950 ambitio.
362 2892 436 2950 Mox
456 2893 585 2952 incertus
605 2896 708 2961 animi,
729 2895 807 2952 tesso
826 2912 954 2967 corpore

91 2991 254 3058 consilium,
275 2991 324 3049 cui
356 2990 440 3066 inpar
459 2997 530 3060 erat,
549 2993 611 3050 leto
632 2992 780 3065 permisit3
814 2992 899 3050 iacti·
920 2999 959 3052 la·

91 3107 159 3147 men
181 3089 311 3156 vocibus,
332 3108 384 3163 per
401 3108 472 3166 quae
492 3091 704 3164 intelligeretur
732 3088 868 3162 provitius
886 3089 959 3149 lulu-

89 3205 193 3246 rorum.
254 3188 388 3262 Namque
419 3189 565 3254 Macroni,
598 3206 658 3246 non
691 3187 792 3246 abdita
826 3190 957 3261 ambage,
1015 3246 1019 3253 ,

87 3284 262 3344 Occidentem
274 3284 482 3355 attenderem,
507 3284 650 3344 Orientem
671 3288 792 3364 spreturi
812 3283 958 3362 exprobro·
1038 3337 1042 3349 .

118 3440 244 3488 Commotus
252 3441 352 3502 ingemo]
382 3441 400 3488 i.
409 3456 430 3488 e.
439 3441 574 3496 Vehemens,
582 3440 708 3498 iracundus,
718 3440 787 3498 t‘erox,
797 3445 839 3488 etc.
851 3440 910 3487 unde
919 3455 957 3503 ap.

94 3499 166 3545 Cicer.
182 3499 205 3544 in
216 3499 279 3546 Brut.
290 3515 310 3546 r.
320 3504 355 3548 el.
367 3500 605 3560 iungunturferuidt'or
619 3499 778 3548 elrammutior.
810 3500 869 3549 Era.

104 3576 276 3645 ‚nummum
310 3572 960 3644 rur.rumenuwunmrneutnncaunmuui
1030 3572 1033 3579 ’

92 3636 396 3756 οιυενῖῑιῖιίἶὶεείωυὶιυᾱο.
428 3636 489 3687 Em.
537 3698 605 3757 23*
