2459 4267
40 348 75 393 a.
90 343 121 392 c.
137 347 181 391 sa.
266 341 338 389 nnc
367 340 444 388 1111.
476 340 574 399 ferr.
594 324 762 391 lde-13.
859 323 931 392 357

50 497 190 555 retinnit.
241 494 346 571 Neque
373 495 485 569 recepti
511 501 578 554 sunt
611 497 689 554 inter
719 514 789 555 reos·
810 496 933 557 (larinas

50 597 153 663 celer,
172 597 311 662 Senator,
325 611 413 653 servo
430 601 601 662 accusante,
620 603 671 653 aut
694 597 785 654 lullus
806 599 932 665 Densus,

51 694 216 770 Equester,
229 695 277 752 cui
298 694 382 752 lavor
401 695 431 752 in
452 695 656 752 Britannicum
671 695 789 753 crimini
801 698 932 755 dabatur.

53 793 188 853 Claudio
206 795 335 861 Nerone,
349 796 384 851 1„
401 794 532 852 Antistio
546 806 629 852 cosa.
644 812 711 852 cum
726 795 756 851 in
771 802 837 854 scta
852 797 933 854 Prio-
946 780 981 838 ¹¹

53 892 154 968 cipum
176 893 308 951 iurarent
330 893 527 968 Magistratus,
555 894 606 951 ‘in
627 911 679 950 sua
699 900 765 972 aeta
779 897 934 970 conlegam
971 970 972 975 η

53 991 237 1050 ‘Antistium
257 990 360 1050 iurare’
380 993 541 1065 prohibuit:
570 994 684 1067 magnis
705 992 823 1050 Petrum
844 994 935 1052 laudi·

55 1090 117 1159 bus,
132 1096 166 1148 ut
182 1090 324 1149 iuvenilis
343 1091 458 1158 animis,
478 1091 587 1149 levium
601 1111 713 1168 qrroque
728 1111 822 1150 rerum
841 1093 935 1168 gloria

56 1190 202 1258 sublatus,
223 1190 347 1247 maiores
360 1191 554 1249 continuaret.
597 1193 763 1265 Secutaeque
777 1192 881 1249 lenitas
901 1191 934 1249 in

59 1285 212 1345 Plautium
233 1289 420 1355 Lateranum,
440 1306 536 1363 quern,
557 1291 596 1346 ub
619 1290 792 1346 adulterium
814 1289 935 1346 Messal-

58 1383 136 1443 linae
157 1386 264 1445 ordine
285 1398 436 1455 remotum,
463 1386 589 1444 reddidit
611 1386 743 1457 Senatui,
763 1383 935 1461 ulciscentium

59 1499 141 1542 marn
162 1486 350 1561 obstringem
374 1485 483 1544 crebris
505 1486 695 1555 orationibus,
716 1503 787 1561 quas
809 1486 935 1552 Seneca,

61 1583 260 1649 testificando,
279 1602 365 1660 quam
385 1586 509 1642 honesta
529 1584 721 1659 praeciperet,
742 1587 791 1642 vel
805 1583 935 1642 iactandi

62 1679 185 1756 ingenii,
202 1701 277 1740 voce
298 1682 445 1756 Principis
464 1685 610 1758 vulgabat.
654 1684 791 1744 Celerum
811 1683 936 1741 infracta
948 1685 987 1743 12

62 1782 217 1852 paullatim
241 1782 374 1856 potentia
396 1781 506 1849 matris,
526 1782 648 1854 delapso
667 1782 787 1839 Nerone
807 1782 839 1838 in
858 1799 935 1841 amo·

65 1893 124 1937 rem
153 1881 285 1949 libertae,
308 1879 358 1939 cul
385 1881 562 1942 vocabulum
586 1880 656 1940 Acte
675 1878 749 1938 luitz
781 1879 866 1937 simul
887 1882 936 1938 ad-

66 1980 187 2054 sumptis
208 1981 240 2041 iu
264 1980 477 2061 conscientiam
504 1979 625 2036 Othone
646 1983 677 2036 et
697 1978 824 2037 Claudio
845 1979 935 2036 Sene·

67 2075 160 2148 cione,
182 2080 409 2137 adolescentulis
429 2079 560 2136 decoris:
587 2095 707 2154 quorum
727 2077 807 2136 Otho
825 2076 937 2135 familia

67 2176 232 2249 Consulari,
260 2178 389 2237 Senecio
413 2177 518 2236 liberto
542 2176 679 2237 Caesaris
706 2182 786 2250 patre
809 2176 935 2251 genitus,

68 2273 166 2349 ignara
179 2283 283 2343 matre,
295 2277 365 2335 dein
379 2276 482 2334 frustra
496 2277 660 2345 obnitente,
681 2274 795 2349 penitus
810 2275 938 2348 inrepse-

67 2381 109 2432 rat
128 2396 181 2450 per
202 2379 304 2435 luxum
322 2381 353 2434 et
373 2374 507 2450 ambigua
526 2381 658 2433 secreta:
691 2392 729 2431 ne
743 2372 937 2441 severioribus

69 2476 181 2548 quidem
207 2475 353 2548 Principis
377 2475 480 2533 amicis
503 2473 737 2539 adversantibus,
758 2472 937 2541 muliercula,

70 2578 146 2633 nulla
172 2575 343 2648 cuimquam
375 2573 491 2641 iniuria,
524 2573 678 2647 cupidines
713 2571 861 2646 Principis
887 2588 938 2627 ex·
1046 2618 1050 2627 .

71 2673 185 2747 plente3
213 2677 329 2750 quando
342 2692 432 2733 uxore
452 2675 490 2730 ab
511 2673 650 2737 Octavia,
670 2672 763 2730 nobili
776 2673 894 2747 quidem
907 2676 938 2729 el

71 2771 218 2838 probitatis
232 2776 391 2844 spectatae,
404 2769 465 2826 lato
478 2768 611 2843 quodam,
633 2786 672 2826 au
686 2767 753 2842 quia
767 2772 939 2842 praevalent

72 2864 193 2937 inlicita,
220 2870 411 2928 abhorrebat:
444 2869 692 2941 metuebaturque,
719 2885 758 2924 ue
786 2867 816 2924 in
840 2876 940 2940 stupra

72 2960 239 3043 feminarum
265 2966 429 3026 inlustrium
456 2971 663 3039 prorumperet,
689 2965 716 3021 si
741 2965 792 3021 illa
815 2964 938 3020 libidine

73 3067 275 3133 prohiberetur.
318 3067 378 3123 Se'd
394 3064 559 3139 Agrippina
580 3060 709 3118 liberium
722 3058 870 3127 sonulam,
890 3064 993 3124 ase-13

75 3178 133 3222 tum
157 3164 303 3234 modurn,
328 3165 454 3240 aliaque,
481 3163 607 3221 eundem
633 3161 665 3218 in
690 3161 815 3227 modurn,
840 3159 940 3217 mulie·

104 3337 131 3384 Vt
139 3340 247 3390 iuuenilis
258 3340 350 3400 animis]
382 3335 463 3386 Sensus
474 3340 516 3395 est,
530 3340 563 3392 ut,
577 3351 626 3384 cum
637 3334 780 3394 intelligeret,
792 3334 860 3381 etiam
870 3347 883 3378 e
893 3338 940 3381 tarn

77 3391 119 3442 levi
137 3414 161 3447 re
177 3406 263 3447 tantam
284 3400 380 3458 pluriam
398 3397 469 3454 nasei,
486 3403 604 3457 tantasque
621 3395 706 3447 laudes,
722 3394 804 3454 cupido
812 3393 941 3441 iniiceretur

78 3453 137 3504 rebus
151 3460 272 3516 majoribus
281 3458 397 3520 patrandis
407 3471 474 3518 porro
483 3457 590 3502 maiorem
598 3455 687 3501 laudem
699 3453 796 3515 petendi.
828 3452 889 3499 Em.

104 3533 356 3598 Mojcrucontiauarat]
389 3536 574 3593 Adressuajsres
582 3533 715 3595 adspiraret.
747 3530 811 3579 Boot.

105 3611 196 3663 Nurum
205 3617 332 3723 undlhsnb
353 3615 388 3663 De
400 3619 452 3660 Acte
470 3628 618 3673 mrmaquae
635 3613 722 3659 liberta.
755 3611 839 3681 Sicap:
850 3610 941 3661 callia

79 3665 161 3733 rrum.
176 3676 239 3727 Hist.
256 3679 275 3724 l.
330 3675 411 3723 urnula
420 3673 530 3737 ctScprur
539 3673 598 3722 snei
606 3672 708 3733 audiunt,
717 3672 755 3734 qui
765 3671 848 3719 liberti.
