2459 4267
275 282 344 351 138
597 305 781 355 annuerant
919 327 923 332 ·
997 308 1148 359 arma...
1205 349 1206 368 2

272 463 429 525 ‘meretur,
450 459 567 532 quando
594 460 636 518 Μ.
660 460 794 527 Antonii,
822 460 871 535 qui
900 462 1011 518 bellum
1032 463 1139 535 patriae
1205 477 1206 522 ἐ

272 557 417 623 ‘fecissen
437 558 492 615 luli
524 559 657 625 Antonii,
675 561 723 634 qni
745 560 862 616 domum
885 562 1015 634 Augusti
1038 562 1139 618 violas·

272 660 352 722 ‘set,
373 656 541 714 manerent'
561 665 589 713 et
607 658 650 714 M.
671 657 807 715 Pisonem
822 659 1003 732 ignominiae
1026 660 1142 728 exemit,

271 758 473 830 concessitque
487 756 516 811 ei
531 763 651 827 paterna
665 758 759 824 bona;
781 757 852 814 satis
874 757 981 823 firmus,
1003 766 1034 815 ut
1053 776 1138 831 saepe

271 855 442 921 memoravi,
455 855 608 910 adversum
624 855 787 924 pecuniam,
808 862 838 912 et
863 858 1048 927 tumpudnre
1062 861 1138 913 atrro·

272 956 350 1011 lutae
363 952 522 1011 Plancinae
542 952 722 1025 placabilior.
765 956 862 1023 Atque
876 954 964 1017 idem,
987 972 1055 1012 cum
1069 956 1137 1010 ·Va·

270 1051 356 1108 terius
382 1050 576 1114 Messanicus,
595 1048 853 1125 sigramuarreurn
881 1051 912 1108 ia
938 1051 1008 1109 stede
1034 1049 1137 1110 Martis

274 1146 391 1215 Vltorta,
412 1149 541 1206 Caecina
564 1151 700 1216 Severus,
721 1166 804 1207 crum
826 1148 927 1206 ultioni
952 1149 1137 1217 armandam,

270 1247 461 1314 censuissent,
495 1248 657 1320 prohibuit:
692 1250 748 1304 ‘ob
774 1254 911 1306 exiemus
937 1268 976 1307 ea
1003 1250 1137 1307 victorias

272 1344 416 1410 ‘sacrari'
425 1346 565 1403 dictitans
577 1366 587 1415 ;
599 1352 607 1379 ⁴
617 1347 778 1404 domestica
792 1350 867 1404 mala
881 1347 1001 1405 tristitia
1009 1350 1136 1421 operien-

272 1441 343 1500 ‘da’
387 1446 547 1501 Addiderat
581 1445 777 1511 Messallinus,
807 1446 954 1502 ‘Tiberin
976 1455 1007 1505 et
1030 1450 1138 1520 Augus-
1205 1471 1206 1474 ¹

273 1549 342 1600 ‘tae
362 1549 392 1600 et
416 1542 562 1601 Antoniae
581 1552 612 1600 et
634 1544 813 1617 Agrippinae
840 1546 998 1618 Drusoque
1019 1548 1058 1602 ob
1080 1546 1137 1602 vin·

273 1642 403 1699 ‘dictam
435 1641 605 1706 Germanici
638 1649 735 1715 grates
766 1641 912 1715 agendas?
944 1644 1135 1717 omiseratque

273 1741 390 1800 Claudii
416 1742 602 1798 mentionem.
657 1742 695 1797 Et
725 1742 925 1798 Messallinum
955 1744 1074 1816 quidem
1101 1744 1134 1800 t.

275 1843 432 1912 Asprenas,
454 1842 563 1903 Senatu
582 1857 689 1903 coram,
711 1847 913 1912 percunctatus
937 1848 994 1907 est,
1014 1858 1052 1897 nn
1070 1858 1135 1916 pru·

274 1936 339 1994 derra
358 1917 562 2015 praeterisset?
589 1956 624 1994 ac
652 1944 712 1994 tom
738 1939 855 1994 demum
883 1955 991 1996 nomen
1021 1936 1135 1997 Claudii

274 2039 448 2111 adscriptum
462 2045 514 2093 est.
556 2037 642 2098 Mihi,
673 2043 781 2110 quanto
800 2039 881 2109 ptura
901 2038 1063 2094 recentium
1087 2054 1136 2094 seu
1205 2013 1206 2070 i

275 2143 405 2193 veterum
420 2140 550 2200 revolvo,
570 2141 652 2192 tanto
672 2134 762 2208 magis
775 2134 905 2202 ludibria
929 2153 1022 2193 rernm
1036 2142 1136 2193 morta·
1205 2137 1206 2168 i

273 2234 344 2291 lium
371 2237 484 2293 cunctis
511 2235 540 2291 in
562 2234 686 2307 negotiis
706 2235 921 2291 obversantur.
917 2236 1032 2308 quippe
1053 2235 1134 2299 sama,
1205 2265 1206 2332 q

273 2351 335 2405 spe,
356 2334 553 2398 veneratione,
575 2333 671 2405 potius
690 2350 792 2390 omnes
812 2333 1058 2390 destinabantur
1050 2349 1134 2403 impe·
1205 2343 1206 2404 t

273 2430 325 2494 rio,
345 2448 439 2504 quam,
458 2449 542 2504 quem
574 2431 697 2489 tutorum
712 2430 878 2503 Principem
902 2432 1045 2488 sortuna'
1036 2445 1133 2487 tnoc·
1205 2419 1206 2422 ¹

224 2518 353 2583 l9cutto
374 2531 501 2584 tenebat.
543 2529 649 2585 Paucis
677 2533 742 2602 post
767 2531 868 2586 diebus
899 2532 1008 2587 Caesar
1037 2535 1134 2585 auctor

275 2626 396 2681 Senatui
415 2627 477 2691 tuit,
493 2625 521 2679 V
520 2624 606 2681 itelb‘o
630 2634 712 2704 ntqvte
737 2626 766 2683 V
765 2626 861 2684 erariis
874 2635 899 2685 et
917 2628 1034 2684 Servaeo
1046 2641 1132 2684 susm·

273 2721 348 2780 dotia
360 2721 504 2779 tribuendi.
546 2725 683 2785 Fulcinio
695 2725 867 2803 mffrngimn
880 2725 920 2783 ud
938 2724 1055 2783 bonores
1074 2725 1131 2797 pol·

273 2822 378 2886 licitus,
399 2822 564 2888 monuttna
581 2822 753 2900 facundiam
778 2823 907 2882 viabnbn
929 2823 1128 2901 praecipitaret.

273 2922 303 2980 Is
317 2921 382 2978 linis
406 2920 458 2979 luit
480 2920 645 2978 ulciscenda
665 2923 835 2980 Germanici
849 2929 949 2985 morte,
969 2940 1027 2979 non
1048 2921 1131 2978 modo

273 3022 347 3095 apud
368 3020 432 3076 illos
447 3020 586 3087 homines,
606 3022 655 3094 qui
674 3029 736 3078 turn
751 3025 897 3094 agebant,
917 3023 1006 3077 eliam
1025 3018 1129 3076 secutis

273 3120 448 3193 temporibus
478 3118 559 3175 vario
598 3136 709 3175 rumore
743 3120 859 3176 iactata.
894 3121 968 3175 adeo
1006 3118 1130 3174 maxima

274 3237 401 3293 quaeque
422 3217 555 3290 ambigua
568 3222 642 3282 sunt,
662 3217 731 3272 dum
757 3217 807 3273 alii
822 3235 935 3291 quoquo
955 3218 1040 3273 modo
1053 3213 1131 3270 audi·

274 3321 304 3373 ta
329 3335 379 3390 pro
404 3315 559 3387 compertis
586 3316 715 3384 babent3
736 3315 787 3371 alii
807 3333 876 3372 vera
902 3315 932 3372 in
957 3313 1130 3371 contrarium

274 3420 400 3470 vertunt.
421 3421 450 3469 et
470 3413 568 3486 gliscit
595 3418 744 3486 utrumque
772 3412 947 3485 posteritate.
989 3415 1031 3470 At
1059 3412 1129 3467 Dru·

273 3528 332 3579 sus,
357 3514 426 3568 urbe
440 3528 570 3586 egressus
597 3511 762 3588 repetendis
786 3511 1020 3588 aruspicinam
1040 3521 1132 3568 ovat!
