2459 4267
103 321 138 372 a.
155 323 238 373 cau.
331 323 402 373 um.
431 324 479 377 ιι,
530 329 608 376 cnr.
627 306 795 380 36.—38.
913 314 981 383 301

108 476 172 533 bat.
215 477 273 545 Ae,
300 477 331 563 ni
359 479 482 539 caedem
502 481 565 539 eius
586 483 742 542 Narcissus
760 487 985 560 properavisset,

53 625 64 635 .
107 580 242 634 verterat
264 576 409 651 pernicies
432 578 463 636 in
484 587 693 640 accusatorem.
736 585 814 641 Nam
835 585 985 655 Claudius,

108 675 229 735 domum
249 693 394 750 regressus
409 690 439 735 et
453 680 638 752 tempestivis
659 682 754 754 epulis
766 682 915 755 delinitus,
934 685 985 743 ubi

108 772 185 831 vino
213 773 347 842 incaluit,
377 773 418 832 ἐπ’
439 776 530 845 iubet,
560 777 740 856 metiumque
765 785 886 839 cosmoe
912 780 983 860 (hoc

105 872 187 930 euim
201 875 291 930 verbo
305 890 387 932 usum
414 875 524 952 lerunt)
537 874 680 934 dicendam
704 876 744 945 ad
754 896 885 937 ccassmn
893 888 982 957 postr-

108 987 146 1028 τα
166 967 211 1026 die
233 968 349 1029 adesset.
391 973 477 1044 Quod
507 975 557 1031 ubi
584 976 714 1034 auditum
741 984 771 1034 et
792 979 981 1053 languescere

107 1067 163 1137 irs,
185 1069 279 1126 redire
307 1087 397 1138 amor,
436 1088 482 1139 ac,
515 1072 539 1129 si
572 1080 787 1146 cunctarentur,
821 1078 981 1154 propinqua

106 1185 179 1234 uox,
199 1174 231 1225 et
258 1169 353 1226 uxorii
380 1170 508 1228 cubiculi
535 1172 675 1230 memoria
694 1174 886 1245 timebantur3
917 1194 979 1249 pro·

102 1267 213 1338 rumpit
247 1267 411 1336 Narcissus,
437 1270 649 1344 denuntiatque
683 1272 909 1330 centurionibus
945 1281 976 1332 et

106 1365 253 1433 Tribuuo,
266 1365 316 1440 qui
340 1367 472 1435 aderant,
486 1366 599 1445 exsequi
621 1367 749 1424 caedem:
768 1371 811 1427 ita
830 1370 978 1448 insperato-

103 1480 166 1520 rem
185 1460 286 1521 iubere
308 1470 408 1522 custos
428 1472 458 1523 et
480 1473 602 1524 exactor
622 1486 640 1524 e
661 1467 771 1526 libertis
793 1469 908 1527 Euodus
928 1472 978 1528 da·

104 1564 161 1620 lus.
202 1563 288 1637 Isque
321 1554 426 1637 raptim
458 1565 489 1622 iu
519 1567 618 1623 hortos
648 1586 839 1642 praegressus,
869 1569 977 1643 reperit

102 1661 198 1719 tusam
214 1661 302 1729 humi,
322 1662 476 1720 adsidente
496 1672 587 1722 matre
609 1667 738 1740 Lepida:
759 1687 833 1744 quae
860 1669 975 1726 florenti

102 1759 184 1817 filiae
199 1760 274 1817 baud
295 1778 427 1837 concors,
448 1765 587 1835 supremis
611 1765 674 1823 eius
696 1767 917 1824 necessitatibus
937 1770 975 1824 ad

101 1858 320 1917 miserationem
341 1860 442 1917 evicta
463 1868 534 1928 erat,
548 1863 754 1936 suadebatque,
781 1873 840 1920 ‘ue
861 1882 975 1936 percus·

102 1962 219 2016 ‘sorem
247 1957 435 2031 opperiretur,
463 1960 600 2016 transisse
631 1961 732 2027 vitam,
766 1979 858 2035 neque
885 1961 974 2029 aliud,

100 2063 208 2132 ‘quam
235 2057 320 2114 morti
341 2057 439 2123 decus,
460 2056 674 2132 quaerendum?
715 2060 774 2116 Sed
800 2059 898 2116 animo
922 2078 974 2131 per

100 2155 242 2213 libidines
267 2162 413 2229 corrupto.
435 2158 506 2215 nibil
523 2158 677 2214 honestum
698 2156 801 2214 inerat.
822 2157 972 2215 lacrimae·

99 2270 158 2329 que
172 2260 203 2311 et
216 2262 332 2330 questus
348 2256 427 2314 inriti
437 2248 632 2321 ducebanturs
647 2273 714 2312 cum
728 2254 837 2329 impetu
853 2255 971 2314 venien-

100 2352 173 2411 tium
189 2356 287 2426 pulsae
300 2356 385 2423 iores,
404 2355 572 2428 adstititque
587 2354 737 2411 Tribunus
751 2372 802 2427 per
815 2354 971 2423 silentium,

98 2458 130 2510 at
160 2453 280 2525 libertus
306 2453 463 2526 increpans
492 2453 589 2510 multis
611 2470 648 2510 ac
671 2452 825 2510 servilibus
850 2453 970 2527 probris.

100 2551 191 2608 'l'unc
206 2551 328 2624 primum
343 2552 485 2609 fortunam
499 2568 580 2608 suam
601 2551 785 2625 introspexit,
809 2552 969 2628 ferrumque
979 2559 1022 2623 38

97 2650 228 2722 accepit,
241 2650 316 2725 quod
330 2650 432 2707 trustra
453 2649 552 2725 iugulo
572 2668 608 2708 ac
631 2651 751 2723 pectori,
773 2669 824 2724 per
845 2653 968 2725 trepida·

97 2749 222 2815 tionem,
251 2750 421 2814 admovens,
452 2747 513 2807 ictu
539 2749 666 2808 'l'ribuui
693 2750 873 2826 transfigitur.
905 2769 968 2809 cor·

95 2864 150 2921 pus
173 2847 258 2905 matri
278 2865 460 2906 concessum.
501 2849 731 2927 Nuntiatumque
756 2849 881 2908 Claudio
899 2867 966 2921 epu·

95 2946 179 3015 lauti,
190 2945 297 3022 perisse
312 2944 518 3012 Messoilt'nam
531 2965 590 3005 non
604 2949 755 3015 distincto,
773 2966 825 3005 sua
839 2966 878 3005 an
898 2947 966 3004 alie·

95 3062 135 3103 na
155 3063 253 3103 manu.
281 3063 337 3103 nec
363 3044 414 3104 ille
434 3046 598 3120 quaesivit:
620 3045 807 3118 poposcitque
828 3046 965 3118 poculum

94 3149 126 3200 et
144 3144 232 3201 solita
251 3143 394 3201 convivio
412 3143 583 3201 celebravit.
626 3144 673 3198 Ne
704 3143 811 3199 secutis
847 3141 964 3215 quidem

93 3241 205 3308 diebus,
232 3242 301 3309 odii,
328 3242 436 3316 gaudii,
462 3240 533 3307 irae,
558 3239 704 3308 tristitiae,
730 3240 817 3296 ullius
837 3237 964 3311 denique

92 3339 213 3396 humani
239 3340 370 3398 adtectus
391 3341 475 3416 signs
501 3337 593 3404 dedit,
624 3354 695 3402 non,
723 3353 790 3393 cum
820 3339 965 3393 laetantes

93 3443 279 3495 accusatores
299 3438 473 3510 adspiceret,
496 3453 565 3503 nou,
588 3454 657 3494 cum
687 3436 762 3494 filios
791 3438 964 3494 maerentes.

93 3533 231 3612 luvitque
239 3534 421 3601 oblivionem
434 3537 497 3596 eius
508 3537 645 3605 Senatus,
658 3538 817 3605 censendo,
829 3545 929 3591 aarum
940 3541 969 3592 et

137 3651 210 3692 von.
233 3653 254 3690 r.
572 3638 611 3691 26
