2459 4267
204 381 207 392 ,
301 332 372 403 118
624 352 810 401 aunuatim
1025 321 1102 403 asv.
1120 351 1176 404 m.

298 507 474 582 expediere:
495 506 575 575 dein,
589 511 688 565 mutua
702 497 864 572 tormidine,
878 524 938 564 nou
958 509 1032 565 ultra
1042 508 1176 581 iurgium

299 623 464 682 processum
482 613 546 663 est:
569 606 737 680 Marsusque
757 605 864 663 Vibius
889 606 1033 663 nuntiavit
1055 607 1177 674 Pisoni,

299 712 308 740 ⁶
322 706 447 765 Romam
457 707 493 762 sd
505 705 661 762 dicendam
671 721 803 763 caussam
813 696 947 761 veniret?
981 706 1036 762 Ille
1047 707 1175 762 eludens

299 806 457 878 respondit,
477 804 668 869 ‘adfuturum
687 804 736 860 ubi
757 803 885 868 Praetor,
899 804 949 878 qui
961 805 999 860 de
1014 805 1174 861 veneficiis

300 909 480 979 ‘quaerereb
494 919 544 958 reo
564 908 650 976 atque
674 901 888 959 accusatoribus
909 903 988 959 diem
1011 903 1174 974 praedixis-

301 1000 386 1059 ‘seb’
426 1000 546 1058 Interim
569 1000 716 1057 Domitius
730 1001 917 1064 Laodiceam,
938 1004 1037 1057 urbem
1054 1001 1176 1074 Syriae,
1224 1051 1225 1064 ,

300 1101 443 1172 adpulsus,
457 1117 523 1156 cum
546 1099 669 1157 hiberna
682 1107 784 1158 sextae
806 1100 929 1174 legionis
951 1106 1073 1173 peteret,
1093 1099 1172 1174 quod

300 1216 365 1256 eam
392 1199 520 1255 maxime
547 1200 634 1256 novis
662 1199 793 1257 consiliis
830 1200 966 1255 idoneam
998 1202 1125 1266 rebatur,
1154 1217 1173 1256 a

300 1298 433 1356 Pacuvio
446 1299 559 1371 Legato
572 1299 767 1371 praevenitur.
811 1300 844 1355 ld
861 1297 978 1354 Sentius
994 1298 1096 1355 Pisoni
1121 1316 1174 1371 per

299 1396 410 1454 litteras
432 1399 534 1470 aperit,
562 1405 726 1471 monetque,
749 1404 807 1454 ‘ue
828 1404 923 1453 castra
945 1398 1172 1468 corruptoribus,

299 1501 354 1552 ‘ne
369 1496 550 1567 provinciam
566 1498 644 1552 bello
657 1501 750 1553 tentet
760 1495 776 1551 :'
789 1513 916 1570 quosque
927 1496 1101 1552 Germanici
1112 1514 1172 1553 mr.-

299 1611 402 1657 mores,
413 1600 461 1651 aut
472 1593 600 1651 inimicis
613 1595 676 1651 eius
690 1596 827 1650 adversos
840 1601 1029 1666 cognoverat,
1053 1602 1171 1652 contra·

300 1693 362 1761 bit3
391 1691 612 1766 magnitudinem
634 1691 817 1768 Imperatoria
835 1687 997 1749 identidem
1021 1694 1171 1766 ingerens,

299 1797 330 1848 el
344 1789 552 1867 Rernpablicum
560 1789 733 1867 urmispetr':
751 1792 888 1865 ducitque
900 1793 1026 1847 validam
1039 1810 1171 1860 manum,

249 1889 330 1947 ubet
354 1890 465 1964 proelio
490 1897 628 1963 paratam.
669 1889 697 1946 N
701 1907 735 1946 ec
764 1890 841 1955 Piso,
865 1907 1035 1964 quamquam
1060 1897 1172 1963 coepta

300 2006 384 2046 secus
397 1989 550 2055 cadebant,
564 1989 660 2045 omisit
678 1987 837 2055 tutissima,
851 2007 868 2044 e
883 1990 1095 2060 praesentibus,
1117 1990 1170 2046 sed

300 2091 452 2146 castellum
480 2087 605 2145 Ciliciae
633 2087 774 2144 munitum
801 2089 963 2153 admodum,
984 2088 1033 2143 cui
1059 2106 1171 2145 nornen

300 2186 480 2253 Celenderis,
513 2192 647 2259 occupat.
689 2187 766 2242 Nam
797 2184 935 2242 admixtis
962 2188 1169 2256 desertoribus,

299 2290 330 2341 et
344 2287 437 2342 tirone
451 2304 541 2358 nuper
554 2284 726 2356 intercepto,
745 2285 859 2359 suisque
874 2295 904 2341 et
933 2286 1096 2342 Plancinae
1111 2305 1168 2343 ser·

221 2423 226 2431 .
301 2383 392 2448 viliis,
419 2385 528 2441 auxilia
551 2385 687 2448 Cilicum,
719 2401 792 2457 quae
821 2384 926 2457 Reguli
955 2387 1107 2450 miserant,
1136 2387 1168 2443 iu
1222 2413 1225 2420 ⁴

298 2497 448 2536 numerum
483 2481 605 2553 legionis
638 2489 847 2551 composuerat.
890 2484 1103 2558 ‘Caesarisque
1135 2502 1166 2541 se

300 2582 308 2610 ⁶
323 2576 483 2649 Legatum?
502 2583 670 2646 testabatur,
695 2581 872 2652 ‘provincia
887 2600 972 2656 quarn
987 2583 1012 2638 is
1026 2584 1167 2650 dedisset,
1224 2569 1225 2594 ¹

299 2677 412 2732 ‘areeri
429 2694 485 2731 non
501 2696 517 2730 a
533 2678 704 2749 legionibus,
715 2698 811 2736 earum
826 2682 932 2754 quippe
946 2682 1041 2737 accitu
1054 2683 1166 2746 venire,
1224 2733 1225 2738 ,

298 2774 371 2827 ‘sed
399 2791 416 2828 a
446 2775 558 2837 Sentio,
586 2776 730 2847 privatum
758 2780 854 2835 odium
884 2779 962 2835 falsis
994 2780 1165 2836 criminibus

299 2877 448 2944 ‘tegente
467 2873 660 2930 consisterent
686 2877 716 2932 in
731 2876 804 2934 acie.
821 2896 877 2933 non
903 2880 1068 2951 pugnaturis
1091 2877 1166 2934 mili·

298 2971 409 3036 ‘libum
437 2972 485 3028 ubi
515 2972 663 3040 Pisonem,
690 2978 728 3031 ab
757 2976 827 3045 ipsis
850 2985 998 3048 parentem
1019 2980 1164 3049 quondam

298 3072 505 3142 ‘adpellatum
519 3072 543 3126 si
558 3072 620 3127 iure
633 3083 774 3145 ageretur,
790 3075 939 3145 potiorem,
952 3077 978 3131 si
993 3077 1088 3134 armis.
1106 3092 1162 3132 nou
1224 3075 1225 3104 ³

297 3172 481 3229 ‘invalidum
508 3169 667 3227 vidissent.’
709 3174 788 3229 Tum
814 3191 863 3244 pro
891 3173 1079 3230 munimentis
1101 3190 1162 3229 cas·
1224 3219 1225 3222 ,

297 3270 361 3328 telli
375 3269 535 3339 manipulos
550 3270 690 3341 explicat,
703 3274 781 3327 colle
795 3274 884 3328 arduo
897 3280 926 3328 et
941 3274 1080 3344 derupto;
1097 3289 1164 3329 nam

296 3377 394 3427 cetera
415 3364 485 3423 mari
510 3367 673 3440 cinguntur.
715 3371 825 3428 Contra
849 3371 989 3435 veterani,
1013 3371 1161 3426 ordinibus

296 3483 331 3521 ac
357 3464 491 3520 subsidiis
517 3466 657 3521 instructi.
683 3467 751 3524 binc
777 3468 910 3532 militurn,
937 3469 1006 3525 inde
1034 3472 1161 3526 locorum

295 3562 444 3636 asperitas.
458 3566 511 3622 sed
523 3582 584 3622 non
596 3559 720 3636 animus,
733 3583 792 3626 uon
806 3585 882 3640 apes,
897 3586 934 3633 ne
957 3570 1018 3626 tela
1035 3569 1160 3643 quidem,
