2459 4267
47 352 81 402 a
97 351 127 400 c.
144 352 182 399 a.
271 347 342 396 nm.
368 347 433 395 rr..
465 346 544 394 csr.
569 328 739 396 21.-23.
846 326 928 396 291·

48 480 107 573 dit,
131 504 278 562 incertum
299 519 338 560 an
357 505 519 561 occultans.
561 502 671 561 lisdem
694 501 869 560 Consulibus
888 504 923 562 P.

49 604 213 662 Dolabella
234 602 357 670 censuit,
369 601 555 679 spsdcashem
564 600 759 678 gladium
767 619 819 679 per
831 620 925 660 moses

50 714 147 766 causus
165 699 369 758 {common
387 699 507 777 pecunia
532 718 636 769 eonem,
662 700 711 778 qui
734 700 926 764 stuesturum

55 797 288 876 adipisceretur.
328 800 417 874 Apud
440 799 564 859 maiores
584 801 701 857 virtutis
715 801 746 857 id
767 800 927 874 praemium

51 897 161 966 luerat,
182 898 353 973 eunetisme
366 898 486 966 alsium,
510 899 535 956 si
557 899 641 957 bouis
664 899 772 957 artibus
794 900 927 967 fiderent,

54 995 173 1055 licitum
193 1001 292 1070 petere
316 997 520 1072 Magistratus:
541 1015 577 1057 ac
600 1017 639 1056 ne
653 1003 733 1055 aetas
754 998 871 1073 quidem
884 999 926 1055 di-

53 1095 265 1169 stinguebatur,
279 1096 347 1170 quin
361 1096 455 1169 primu
467 1097 589 1154 iuventa
603 1099 794 1156 Consulatum
807 1115 843 1156 ae
855 1099 926 1156 Dic·

54 1201 185 1276 talorum
211 1195 330 1253 inirent.
387 1197 447 1253 Sed
472 1196 657 1267 Quaestores,
681 1198 810 1270 Regibus
837 1197 926 1254 etiam

55 1302 120 1353 tom
150 1295 366 1369 imperantibus,
385 1295 512 1352 instituti
535 1298 621 1351 sunt:
642 1297 719 1368 quod
742 1297 789 1353 lex
815 1295 927 1351 curiata

54 1394 196 1460 ostendit,
209 1395 246 1450 ab
266 1395 301 1452 L.
322 1394 414 1450 Bruto
427 1392 561 1466 repetita.
602 1392 769 1466 Mansitque
793 1392 928 1451 Consuli-

58 1494 116 1549 bus
128 1496 256 1565 potestas
279 1491 441 1565 deligendi,
455 1492 550 1548 donec
564 1508 630 1547 eum
653 1509 765 1566 quoque
788 1492 927 1549 honorem

60 1591 190 1663 Populus
206 1591 379 1647 mandaret:
402 1589 550 1663 creatique
564 1590 686 1662 prlmunr
707 1590 843 1648 Valerius
871 1590 926 1648 Po·

59 1689 131 1747 titus
163 1691 195 1745 et
222 1687 371 1746 Aemilius
392 1688 568 1757 Mamercus,
601 1690 719 1746 LXlll.
753 1706 832 1746 anno
862 1694 928 1761 post

61 1786 240 1861 Tarquinios
263 1791 396 1855 exactos,
426 1790 458 1842 ut
486 1804 547 1843 rem
563 1772 729 1844 ¹militarem
755 1786 927 1844 comitaren-

59 1869 115 1944 tur.
175 1885 264 1954 Deio,
294 1883 484 1959 gliscentibus
509 1885 645 1958 negotiis,
672 1886 733 1941 duo
756 1885 858 1952 additi,
879 1886 928 1959 qui

58 1985 172 2043 Romae
185 1987 328 2041 curarent.
371 1969 445 2040 Mox
465 1983 629 2056 duplicatus
653 2000 796 2050 numerus,
819 1985 928 2056 slipen·
1046 1994 1052 2009 ’

56 2083 141 2142 dium
151 2081 210 2139 ium
225 2082 320 2148 ltalia,
334 2087 372 2138 et·
378 2081 586 2139 accedentibus
600 2081 819 2154 provinciarum
835 2082 928 2140 vecti·-

7 2226 9 2231 .
56 2181 182 2256 garinus.
224 2181 305 2248 Post,
324 2182 391 2254 lege
415 2182 528 2253 Syllae,
547 2180 656 2254 viginti
679 2181 772 2237 creati
792 2181 927 2253 supplen-

28 2328 30 2331 .
57 2280 100 2338 slo
128 2278 260 2348 Senatui,
283 2279 332 2336 oui
355 2279 464 2336 iudicia
495 2278 662 2336 tradiderat.
693 2283 732 2345 et,
756 2294 929 2353 quamquam

58 2377 182 2452 Equites
208 2376 317 2434 iudicia
344 2377 605 2450 recuperaviasent,
630 2378 793 2449 Quaestum
820 2383 928 2446 tamen,

59 2494 99 2533 ex
132 2475 276 2549 dignitate
303 2476 533 2543 candidatorum,
560 2480 609 2533 aut
637 2475 782 2533 facilitate
802 2475 927 2535 tribuco·

60 2574 143 2641 tium,
163 2575 291 2648 gratuito
309 2575 535 2644 concedebatur,
556 2575 651 2632 donec
669 2575 816 2633 sententis
839 2575 928 2633 Dola·-

61 2675 158 2731 bellae
169 2675 251 2730 velut
264 2675 486 2731 venundaretur.
943 2732 947 2747 ι

101 2770 143 2826 Δ.
163 2767 300 2835 Vitellio,
319 2769 353 2825 L.
376 2767 533 2840 Vipstano,
547 2787 626 2827 coss.
647 2787 714 2827 cum
738 2771 775 2828 de
794 2767 984 2846 suppleo-23

61 2867 99 2923 do
131 2867 244 2923 Senatu
274 2866 440 2941 agitaretur,
473 2866 668 2944 primoresque
699 2870 827 2936 Galliae,
853 2886 928 2942 quae

60 2964 181 3022 Cornuto
203 2965 373 3038 adnodatur,
396 2964 513 3023 loedera
539 2971 569 3023 et
590 2967 742 3024 civitatem
766 2968 929 3024 Romanam

61 3064 175 3138 pridem
189 3064 329 3132 adsecuti,
353 3064 397 3120 ius
418 3064 671 3138 adipiscendorum
693 3064 724 3120 in
748 3065 819 3120 urbe
840 3065 929 3120 hono·

61 3181 124 3219 rum
144 3167 326 3234 expeterent,
352 3164 467 3230 multus,
487 3179 523 3220 ea
546 3179 632 3235 super
653 3178 693 3229 re,
714 3160 866 3234 variusque
887 3177 929 3217 ru·

61 3278 133 3318 mor.
176 3260 215 3317 Et
239 3260 341 3316 studiis
363 3261 487 3318 diversis
509 3261 585 3334 apud
609 3257 777 3331 Principem
801 3258 931 3313 certaba-

60 3364 117 3426 tur,
141 3359 387 3426 adseverantium,
414 3366 493 3417 ‘non
518 3361 594 3417 adeo
616 3375 733 3433 aegram
758 3357 874 3415 ltaliam
897 3362 930 3413 ut

62 3458 226 3514 ‘Senatum
246 3458 430 3530 suppeditare
444 3459 508 3516 urbi
532 3475 600 3516 suae
622 3456 761 3531 nequiret.
781 3454 930 3521 suffecisse

61 3556 153 3615 ‘olim
166 3556 326 3631 indigenae
336 3556 561 3633 consanguineis
575 3555 698 3634 populis,
712 3571 767 3615 neo
781 3554 930 3632 poenitere
