2459 4267
274 277 349 346 254
626 292 812 346 nuuatrvst
1000 299 1031 348 s.
1045 298 1075 347 v.
1092 301 1154 349 vsu.
1205 280 1206 307 ³

273 452 353 510 ‘eins
366 451 512 526 descripta
539 469 591 524 per
602 448 676 509 dies’
695 451 789 510 iussit.
802 468 860 526 quo
881 468 942 509 non
965 451 1046 510 aliud
1070 459 1156 511 atro·

273 551 338 609 elus
365 551 478 609 visum:
501 550 650 608 adstitisse
677 555 719 609 tot
739 566 791 624 per
816 567 919 618 annos,
945 550 996 626 qui
1022 555 1155 621 vultum,

273 649 409 725 gemitus,
440 651 589 707 oecultum
623 650 712 707 etiam
738 665 864 707 murmur
889 649 1087 723 exciperent:
1122 655 1158 708 et
1205 658 1206 677 ³

275 748 404 823 potuisse
422 764 512 806 avum
531 747 640 814 andire,
655 750 763 821 legere,
784 748 816 805 in
829 747 978 821 publicum
1005 765 1156 822 promere,

275 848 328 906 vix
342 848 435 912 ddesr
462 845 520 903 nisi
546 846 623 920 quod
651 845 734 903 Astii
761 837 950 905 Centurid'nia
971 853 1003 904 et
1022 847 1156 922 Didymi

275 945 373 1005 liberti
396 945 539 1019 epistolae
565 960 717 1003 servorum
737 944 856 1003 nomina
876 945 1088 1018 praeferebant,
1118 950 1154 1007 ut

274 1044 337 1119 quis
351 1043 551 1117 egredientem
578 1043 716 1100 eubiculo
738 1043 865 1102 Drinum
892 1045 1071 1117 pulsaverat,
1099 1062 1155 1103 ex·
1205 1030 1206 1119 i

274 1146 422 1201 terruerat.
442 1141 534 1199 etiam
547 1158 599 1199 sua
611 1143 702 1199 verba
715 1142 869 1208 centurio,
891 1142 1036 1200 saevities
1052 1146 1154 1217 plens.

273 1247 421 1316 tamquam
442 1240 604 1316 egregium,
627 1257 772 1317 vocesque
799 1239 964 1298 deficientis
988 1242 1154 1309 adiecerat,

274 1339 338 1416 quls
352 1339 446 1413 primo
465 1337 689 1415 (alienationem
704 1339 810 1398 mentia
824 1336 979 1417 simulans)
991 1341 1076 1415 quasi
1095 1358 1153 1414 per
1205 1382 1206 1399 2

273 1438 463 1504 dementiam,
484 1438 600 1495 iuumta
624 1438 758 1505 Tiberio,
772 1455 852 1504 mox,
865 1438 914 1495 ubi
935 1455 1044 1511 exspes
1064 1439 1151 1496 vitae

274 1535 339 1603 luit,
365 1535 528 1603 meditatas,
549 1537 786 1611 compositasque
817 1535 895 1593 dirae
923 1535 1151 1609 inpreeabatnr:
1205 1554 1206 1603 l

275 1640 333 1701 ‘ut‚
346 1634 587 1709 quemadmodum
599 1651 702 1692 nurum
712 1634 857 1708 filiumque
870 1634 966 1691 fratris
980 1639 1012 1693 et
1026 1642 1153 1710 nepotes
1205 1642 1206 1737 l

273 1734 466 1808 ‘domumque
485 1748 603 1790 omnem
623 1733 764 1791 caedibus
788 1733 1008 1806 complevisset,
1023 1734 1067 1791 ita
1082 1752 1152 1808 poe·
1205 1748 1206 1815 l

275 1841 351 1892 ‘aas
365 1832 478 1891 nomini
491 1832 649 1907 generique
670 1831 809 1889 maiorum
822 1837 854 1888 et
874 1832 998 1905 posteris
1013 1836 1152 1891 exsolve·
1205 1830 1206 1915 l

276 1931 358 1992 ‘ret’
377 1932 580 1990 obturbabant
594 1926 711 2004 quidem
736 1931 846 1997 Patres,
858 1930 959 2004 speeie
981 1931 1153 1989 detestandi

276 2033 328 2090 sed
343 2033 511 2105 penetrabat
526 2047 617 2103 pavor
635 2035 666 2086 et
679 2028 841 2095 admiratio,
864 2028 1006 2085 callidum
1019 2030 1104 2098 olim,
1119 2034 1150 2086 et

274 2132 408 2206 tegendis
418 2130 578 2188 sceleribus
589 2131 753 2190 obscurum,
768 2128 825 2184 buo
840 2127 1151 2187 confidentiaevenis·

276 2246 319 2295 se,
343 2236 384 2298 nt,
402 2236 547 2304 tamquam
573 2227 698 2285 demotis
718 2225 885 2299 parietibus,
907 2227 1079 2284 ostenderet
1101 2244 1150 2293 ne,-

276 2333 375 2401 potem
388 2329 442 2385 sub
455 2330 576 2385 verbere
590 2324 786 2389 Centurionis,
808 2323 884 2382 inter
896 2341 1051 2382 servorum
1064 2324 1150 2401 lotus,

223 2428 408 2489 25brtrema
423 2425 503 2482 vitae
529 2426 668 2483 alimenta
695 2424 798 2480 trustra
821 2428 964 2484 orantem.
1006 2423 1149 2483 Nondum

276 2525 302 2582 is
329 2525 413 2581 dolor
448 2525 631 2587 exoleverat,
661 2538 727 2580 oum
754 2523 792 2579 de
821 2520 986 2596 Agrippina
1005 2523 1149 2601 auditum,

276 2638 371 2696 quam,
384 2621 540 2679 interiecto
555 2625 675 2687 Seiano,
691 2640 744 2696 spe
757 2626 959 2689 sustentatam,
983 2622 1150 2695 provixisse

276 2735 351 2781 reor,
374 2724 406 2774 et
435 2728 588 2792 postquam
612 2720 687 2777 nibil
714 2722 752 2777 de
778 2719 904 2778 saevitis
932 2720 1150 2802 remittebatur,

277 2819 428 2876 voluntate
452 2817 653 2877 exstinetam:
688 2819 745 2875 nisi
778 2818 813 2884 si,
847 2818 1151 2893 negatis'alinaeutis,

276 2917 464 2983 adsimulatus
482 2922 528 2972 est
549 2915 626 2982 fiais,
646 2917 697 2990 qui
711 2916 857 2974 videretur
879 2923 984 2989 sponte
1005 2924 1150 2990 sumptus.

277 3017 438 3078 Enimvero
452 3014 590 3072 Tiberius
603 3015 778 3073 foedissimis
792 3013 1045 3074 eriminationibua
1067 3033 1150 3079 exar-

278 3117 326 3184 sit,
356 3112 590 3187 ‘inpudioitiam’
618 3130 750 3188 arguens,
777 3119 831 3169 ‘et
864 3111 1002 3170 Asinium
1027 3113 1149 3181 (iulium

278 3216 471 3282 ‘adulterum
490 3211 608 3288 eiusque
631 3218 725 3269 morte
751 3210 788 3267 ad
811 3210 940 3268 taedium
961 3210 1042 3269 vitae
1070 3229 1149 3270 eom·

276 3311 429 3389 ‘qulsam
470 3313 530 3370 Sed
558 3310 732 3386 Agrippina,
759 3309 844 3384 nequi
872 3308 1029 3427 inpatiens,
1058 3309 1148 3368 domi·

308 3464 435 3522 Nursini
411 3464 582 3536 filiumquesra
557 3463 809 3536 ratriselnepoterlr
801 3463 833 3510 int
835 3462 874 3509 elli
876 3478 932 3523 gre
922 3463 1005 3520 intsrfi
1006 3461 1069 3520 serit,
1088 3463 1145 3525 quod

274 3523 635 3630 ff‘bfftwiezm'm
544 3523 756 3574 marmio
774 3479 926 3581 amporam
958 3522 1012 3571 vid.
1028 3524 1059 3570 ad
1077 3525 1142 3570 eil.

325 3716 339 3787 N1
