2459 4267
57 347 82 393 e
96 345 122 393 c.
139 348 173 392 u.
261 345 333 393 ms.
359 343 382 391 1.
431 343 510 391 cur.
535 321 595 391 69.
623 321 683 390 60.
871 325 915 391 br

57 503 153 571 ‘perte
179 518 245 559 esse
272 498 426 573 supplicis,
440 498 541 556 nescia
567 498 694 555 tributa:
715 514 790 570 quse
805 498 921 570 quande

37 605 43 632 ‘
70 598 210 666 exuerint,
233 598 397 672 inritusque
427 596 599 655 discesserit
623 596 675 654 ille
702 595 780 654 inter
803 597 921 652 numios

52 698 177 756 ‘diculus
207 700 370 772 Augustus,
383 698 434 755 ille
456 698 589 754 delectus
610 692 758 761 Tiberius,
774 713 811 752 ne
832 695 922 767 impe·

54 795 150 854 ‘ritum
180 798 446 862 adolescentulum,
484 814 521 854 ue
554 794 725 853 seditiosum
759 795 922 852 exercitum

55 900 273 966 ‘pavescerent
331 896 366 952 Si
386 895 519 967 putrium,
539 901 683 967 parentes,
712 894 831 966 antiqua
852 896 923 951 mal·

54 993 137 1061 ‘leut,
156 1012 244 1070 quam
265 995 401 1052 dominos
420 1000 451 1051 et
470 994 602 1051 colonias
622 1011 733 1050 novas:
756 993 922 1049 Arminium

55 1094 171 1165 ‘notius
190 1094 306 1169 gloriae
319 1112 355 1151 uc
383 1093 537 1161 libertatis,
554 1111 641 1166 quem
661 1094 822 1166 Segestem,
842 1091 922 1166 flagi·

56 1192 157 1249 ‘tiosae
186 1193 342 1251 servitutis
362 1193 476 1258 ducem,
496 1190 704 1267 sequerentur?

91 1290 205 1349 Conciti
221 1310 276 1364 per
289 1293 365 1348 baec
385 1309 445 1348 uon
466 1293 553 1348 modo
574 1290 726 1358 Cherusci,
740 1292 790 1347 sed
809 1297 922 1348 conter-
934 1305 975 1362 60

57 1388 144 1447 minae
157 1398 281 1462 gentes:
302 1397 468 1463 tractusque
483 1390 513 1447 iu
530 1391 620 1463 pertis
643 1390 851 1463 Inguiomerus,
868 1392 923 1447 Ar·

57 1488 131 1546 minii
145 1497 272 1561 patruus,
288 1490 382 1547 veteri
394 1491 470 1561 apud
486 1490 634 1547 Romanos
649 1489 829 1546 auctoritate.
846 1491 922 1546 umis

59 1588 139 1645 meior
151 1590 275 1649 Csesari
289 1597 391 1647 metus.
408 1595 490 1646 etue
512 1591 620 1646 bellum
635 1591 712 1646 mole
733 1606 790 1645 una
810 1589 923 1662 ingrue-

59 1691 104 1748 ret,
117 1688 287 1756 Caecinam,
302 1706 370 1745 cum
384 1688 573 1762 quadraginta
592 1688 759 1745 cohortibus
772 1687 922 1755 Romanis,

60 1783 235 1844 distrahendo
250 1789 338 1853 besti,
352 1805 404 1858 per
424 1788 588 1855 Bructeros,
598 1789 635 1845 sd
650 1787 756 1844 flumen
780 1786 923 1844 Amisiam

60 1882 146 1941 mittit.
161 1888 293 1960 equitem
307 1887 389 1943 Pedo
404 1886 565 1958 praelectus
579 1887 683 1943 tinibus
700 1886 857 1943 Frisiorum
872 1887 922 1942 du·

62 1981 104 2039 uit.
117 1984 176 2055 ipse
188 1986 344 2058 impositus
358 1986 483 2043 navibus
497 1993 618 2059 quatuor
632 1985 762 2058 legiones
776 2002 828 2056 per
842 1986 922 2041 lacus

63 2082 151 2139 rexit:
171 2085 318 2159 simulque.
333 2087 433 2158 pedes,
445 2103 543 2158 eques,
566 2084 680 2150 classis,
694 2083 770 2156 sputi
791 2082 922 2154 praedic·

62 2183 114 2236 lum
132 2200 245 2241 amnem
267 2201 445 2241 convenere.
486 2184 611 2244 Chauci.
624 2199 692 2239 curn
709 2179 819 2236 auxilie
841 2179 922 2252 polli-

62 2280 234 2344 ceremonia
249 2282 456 2340 commilitium
463 2281 569 2339 adsciti
581 2286 659 2338 sunt.
701 2280 857 2335 Bructeros
870 2296 922 2337 sua
963 2311 966 2318 π

65 2379 161 2435 urentis
193 2383 336 2453 expedite
359 2399 427 2438 cum
462 2399 550 2439 menn
574 2382 610 2439 1..
638 2378 804 2442 Stertinius,
832 2378 921 2436 missu

65 2474 231 2550 Germanici,
243 2480 336 2539 tuuis:
357 2467 490 2556 interque
503 2484 627 2539 eaedem
640 2487 671 2538 et
692 2482 828 2555 praedam
841 2499 921 2554 repe·

64 2657 143 2719 tumul:
157 2670 195 2701 nos
207 2657 229 2705 in
250 2657 333 2715 limite,
349 2659 433 2705 virtute
450 2673 490 2705 uos
507 2657 657 2711 liberavimus,
667 2662 692 2704 et
708 2673 776 2719 porro
792 2659 919 2705 liberemus.

65 2705 114 2778 igtur.
143 2713 204 2760 Milri
225 2717 315 2762 videtur
328 2733 404 2763 seruus
415 2717 450 2762 bic
461 2733 524 2763 esse:
544 2717 600 2762 Aliis
609 2718 712 2774 gentibus
730 2719 854 2764 excusatius
863 2732 919 2772 esse,

65 2773 171 2833 erinperto
183 2777 287 2821 Romano
296 2792 340 2823 nou
351 2777 418 2822 valde
428 2776 564 2822 resisterent.
597 2777 688 2823 Etenim
699 2778 800 2835 ignorare
810 2777 919 2823 rationem

66 2830 139 2886 inperii
149 2832 254 2885 Romani.
267 2851 308 2880 uon
319 2843 423 2896 expertas
431 2850 479 2880 esse
489 2835 594 2896 supplicia
604 2843 628 2879 et
637 2835 760 2889 saevitiam,
771 2836 854 2882 nescire
863 2850 920 2895 quae

66 2891 84 2928 el
101 2901 177 2945 quantu
196 2893 283 2939 tributa
301 2895 417 2963 imponere
440 2894 541 2938 soleant:
566 2893 684 2940 Germanis
702 2896 789 2940 veniam
809 2894 857 2940 dari
876 2907 921 2938 non

66 2956 123 3001 poue,
132 2948 148 2992 si
158 2950 251 2996 subeant
262 2953 378 3012 imperium
389 2952 524 3005 Romanius,
534 2966 583 2996 cunr
593 2952 660 3011 plane
669 2954 751 3006 sciant,
769 2955 921 3000 Romanorum

67 3011 134 3070 qumis
143 3006 170 3052 sit
179 3009 282 3061 saevitia,
292 3016 315 3054 et
331 3009 436 3064 avaritia,
452 3017 474 3055 et
494 3010 583 3070 quando
593 3026 616 3056 se
626 3010 655 3055 ab
664 3026 691 3056 en
709 3011 824 3056 liberarint
833 3011 922 3055 lurtiter

68 3065 179 3114 renitendo.
199 3082 273 3128 neque
291 3069 364 3127 subigi
375 3070 410 3114 vel
429 3069 459 3114 ab
473 3076 581 3125 aruuuo,
597 3071 634 3115 rel
653 3086 667 3114 s
685 3068 779 3116 Tiberio
798 3068 920 3129 potuerint,

67 3123 100 3187 tlt.
110 3121 161 3168 Eru.
192 3125 327 3180 ignorantie
336 3128 395 3187 aprul
407 3128 461 3173 Tac.
473 3134 514 3174 est.
522 3129 657 3185 ignorantes,
665 3144 703 3174 seu
712 3128 770 3187 quod
778 3126 921 3184 ignorabunt.

69 3177 235 3231 stultiorem.
247 3193 302 3231 extr.
314 3186 396 3242 peritii
413 3195 436 3232 et
446 3202 513 3246 saepe
521 3186 583 3233 ellbi.

92 3256 192 3310 Patrium.
200 3266 311 3324 parentes]
342 3265 435 3312 Clarum
445 3271 479 3311 est
490 3267 511 3312 h.
524 3266 539 3312 1.
550 3271 649 3322 porrruts
659 3280 703 3310 non
713 3278 768 3318 esse,
779 3262 816 3323 qui
833 3267 921 3321 parcnt,

69 3314 168 3372 imvm:
183 3331 222 3375 sed
240 3329 318 3387 quibus
336 3328 404 3373 vitam
420 3330 532 3376 debemus.
564 3331 618 3377 Vid.
639 3331 668 3376 de
678 3329 800 3375 haetorma
817 3327 921 3386 loquendi

70 3379 120 3427 cot
134 3389 161 3432 nd
170 3389 263 3434 sallust.
281 3388 350 3434 Catil.
362 3403 381 3434 e.
392 3392 413 3434 u.
446 3389 506 3434 Era.

96 3459 160 3533 Vim
168 3482 201 3520 tv·
222 3467 288 3513 Rom.
301 3466 438 3536 umbritute]
476 3468 596 3529 Nonquod
618 3467 701 3513 amicus
718 3467 785 3536 Rom.
805 3468 871 3518 esset,
882 3466 923 3511 sed

71 3520 156 3628 iffi:
165 3525 226 3631 Ῐθΐῑῖξ
236 3533 258 3570 ¹³¹
278 3525 382 3585 prudens,
400 3541 460 3574 cums
470 3541 550 3585 magna
559 3529 619 3588 apud
631 3528 699 3574 Rom.
715 3540 801 3587 opimo,
821 3530 847 3572 ut
861 3529 925 3570 recte
943 3551 952 3562 -

151 3591 273 3647 .exprrat.
306 3582 366 3630 Erre

44 3687 46 3752 l
