2459 4267
1 340 5 355 ¹
88 349 122 396 a.
140 350 177 398 c.
199 356 250 400 ⁵⁷.
332 329 792 400 mn.x111.cn.26.27.
919 333 992 404 369

86 503 204 561 vertit
243 504 408 578 inpnnitste
440 512 471 564 et
503 508 649 581 praemiis,
669 514 755 583 atque
775 509 839 581 ipss
860 511 993 567 oecnstus

87 607 124 659 et
168 606 354 679 pierumque
377 620 477 663 coram
498 614 705 680 prospectans:
736 610 841 674 donec,
865 608 993 666 discordi

88 705 242 774 populo,
275 710 305 760 et
339 704 482 778 gravioris
528 711 621 763 motus
663 713 780 773 terrore,
814 722 874 763 non
912 706 993 763 atiud

89 803 284 860 remedium
316 810 462 877 repertum
484 811 539 873 est,
564 823 649 880 qnam
669 811 701 864 ut
721 804 877 865 histriones
905 805 993 862 itatis

9 950 13 951 a
89 903 328 980 perieramus„
348 904 489 977 mitesque
532 905 647 964 theatro
686 922 796 962 rursum
835 904 991 962 adsffisret.

92 999 168 1058 Per
192 1001 280 1079 idem
300 1007 413 1075 tempus
434 1011 532 1061 actum
551 1003 583 1061 in
614 1004 725 1062 Senatu
758 1005 815 1061 ‘de
843 1003 1043 1062 irandibssssd

93 1099 329 1167 ‘libertorum‘
366 1103 623 1177 efflagitatumque,
656 1108 708 1160 ‘nt
741 1104 880 1161 adamans
902 1104 990 1160 truste

95 1191 269 1266 ‘meriton
283 1201 468 1260 revocandae
486 1201 628 1259 libertatis
648 1201 692 1258 ins
714 1202 841 1274 patronis
854 1197 990 1259 dareturd

97 1297 184 1354 Nec
202 1299 334 1363 deerant,
354 1300 404 1373 qni
427 1304 590 1357 censerent.
634 1301 694 1358 Sed
709 1301 863 1366 conantes,
875 1299 991 1356 relatio·

97 1412 187 1453 nem
217 1397 348 1471 incipere
374 1414 432 1454 non
460 1399 524 1455 ansi
552 1398 657 1472 ignaro
678 1397 825 1472 Principe,
848 1397 990 1471 perscrip-

99 1513 181 1552 sere
206 1501 305 1555 tamen
333 1513 508 1554 consensum
537 1499 682 1555 Senstns:
702 1499 774 1575 ‘itte
797 1504 898 1556 auctor
920 1513 990 1555 con·

98 1594 297 1653 ‘stitutionis
316 1593 430 1662 fieret}
449 1600 481 1654 ut
507 1595 584 1654 inter
611 1614 729 1670 pauens,
763 1597 792 1655 ei
823 1596 989 1655 sententias

104 1695 280 1751 adversos:
301 1695 480 1769 quibusdam,
504 1696 644 1755 coatitam
666 1697 800 1754 tibertste
820 1696 988 1753 inreveren-

102 1791 191 1850 tiam
199 1811 236 1849 eo
251 1794 421 1866 prorupisse,
434 1794 633 1861 trementibus,
646 1800 654 1827 ⁸
667 1795 698 1851 vi
707 1812 754 1860 ne,
764 1812 804 1851 an
814 1811 907 1868 aequo
920 1811 988 1851 cana

107 1892 272 1965 ‘patronis
295 1892 357 1950 iure
378 1899 508 1967 agerent,
531 1894 708 1951 sententium
729 1909 828 1950 eorum
842 1893 988 1949 consulta-

105 1993 117 2022 ⁴
129 1996 213 2058 rent,
227 2007 263 2048 sc
275 1992 442 2051 verberibus
456 2009 562 2050 manus
571 1995 647 2050 nitro
656 1993 852 2056 intenderent,
866 1990 987 2061 impule-

105 2091 165 2147 ‘re
180 2091 231 2146 vet
245 2107 368 2162 poenam
378 2107 460 2149 suam
471 2091 680 2149 dissuadentes.
725 2090 804 2162 Quid
815 2090 894 2148 enirn
905 2087 987 2151 atiud

108 2190 357 2260 ‘luesopatrono
374 2206 556 2257 conseram
577 2207 663 2265 quam
677 2196 708 2247 ut
723 2188 895 2247 vicesimum
914 2187 988 2243 ultre

109 2287 266 2360 ‘lapidem
287 2287 318 2344 in
331 2304 410 2345 oram
424 2288 607 2360 Campaniae
621 2287 756 2345 libertum
777 2283 910 2359 reteget?
931 2286 987 2343 Ce-

110 2390 214 2443 ‘teras
227 2385 359 2442 actiones
380 2385 556 2458 promiscuas
577 2392 606 2443 et
627 2402 710 2458 pares
726 2403 799 2443 esse.
841 2385 987 2442 'l'ribnen-

110 2485 208 2541 ‘dnm
234 2484 351 2557 atiqnod
377 2486 477 2550 tetum,
503 2487 579 2559 qnod
606 2484 706 2557 sperni
733 2488 868 2558 nequest.
917 2483 984 2541 Nec

110 2588 224 2659 ‘greve
248 2576 441 2649 manumissis,
466 2583 620 2655 peridem
642 2583 813 2656 obsequium
838 2580 986 2641 retinendi

110 2683 308 2745 ‘libertatem
330 2682 479 2756 per-quod
500 2682 633 2740 adsecuti
655 2682 723 2740 sint.
766 2684 808 2740 At
828 2682 985 2740 criminum

111 2781 303 2839 ‘manifestos
323 2780 426 2837 merito
450 2781 487 2837 ud
514 2781 686 2840 servitutem
713 2781 828 2851 retrahi,
853 2787 886 2839 ut
906 2786 984 2839 metu

112 2885 331 2947 tcoerceantur,
344 2897 414 2954 qnos
428 2880 571 2938 beneficia
592 2897 651 2938 non
666 2878 877 2938 mutavissent!
918 2881 984 2936 Dis·
995 2882 1036 2945 27

26 2976 31 2987 '
113 2981 281 3036 ‘serebatur
304 2985 422 3036 contra:
444 2978 624 3047 ‘Paucorum
647 2980 763 3048 cuipam
787 2977 858 3047 ipsis
880 2975 985 3032 exitio·

113 3085 197 3137 ‘sam
218 3095 283 3134 esse
302 3079 428 3140 debere:
456 3077 530 3135 nihii
552 3075 751 3133 universorum
771 3074 826 3131 inri
845 3076 984 3145 derogan-

113 3179 212 3236 ‘dnm
234 3176 340 3252 qnippe
362 3179 422 3236 tate
442 3177 534 3234 insum
557 3175 588 3232 id
607 3190 720 3248 corpus.
763 3173 842 3230 Hinc
862 3172 984 3245 pterom-
1093 3184 1096 3185 ’

145 3331 256 3379 Coclitum
266 3331 374 3392 tumus]
406 3330 421 3377 i.
432 3345 453 3377 e.
470 3333 622 3377 confirmatam
632 3333 657 3375 et
671 3335 766 3381 anetam,
777 3330 803 3373 ut
820 3328 854 3379 lt,
867 3327 885 3369 Ι.
907 3323 985 3371 coalitu

115 3395 219 3438 munte
238 3389 328 3445 imperii
342 3390 444 3436 nodedu
477 3389 612 3439 AddeHist.
624 3392 647 3443 t,
663 3393 699 3435 di.
715 3398 787 3433 sumta
805 3384 935 3444 metaphora
954 3383 998 3429 ab·

115 3450 232 3496 arboribus
240 3456 264 3495 et
275 3448 365 3510 plantis,
376 3464 433 3510 qnae
442 3450 563 3495 curuans
571 3449 683 3508 dicuntur,
693 3463 742 3496 eum
758 3444 869 3494 radicibus
878 3443 992 3490 annam

114 3514 166 3559 rust
175 3515 259 3569 terroe,
269 3522 311 3556 nee
319 3508 416 3557 conuelli
425 3512 524 3570 possunt.
555 3507 618 3559 kim.
