2459 4267
256 294 304 364 58
578 311 765 362 smsurvm
977 316 1009 363 s„
1023 313 1054 363 ν.
1072 317 1130 365 reu

226 521 229 528 ,
255 469 340 541 inops
364 469 415 528 sut
432 466 556 533 saucius,
575 475 689 525 vestam
712 472 743 524 et
760 466 891 528 tomenta
913 466 1050 543 dilargita
1070 473 1132 527 est.

257 568 364 625 Tradit
379 568 415 626 O.
437 566 560 631 Plinius,
575 566 818 626 Germanicorum
839 568 980 624 bellorum
993 567 1132 641 scriptor,

255 666 372 724 stetisse
392 668 467 739 apud
490 665 665 739 principium
687 664 783 738 pontis
806 666 906 723 leudes
919 671 950 722 et
974 673 1071 738 grates
1085 683 1131 723 re-

257 765 348 822 versis
378 764 541 840 legionibus
570 765 736 822 habentem.
787 763 822 821 ld
854 764 971 820 Tiberii
997 765 1132 822 animum

255 863 343 922 altius
357 863 540 938 penetravit:
561 868 640 920 ‘non
654 863 734 920 enim
747 863 896 934 simplices
905 881 955 919 eas
966 880 1059 930 eures,
1071 880 1132 921 nec

257 963 417 1020 ‘adversus
444 967 582 1019 externos
613 960 737 1019 militem
762 961 870 1035 quaeri
895 960 968 1019 nibil
994 962 1132 1019 relictum

257 1059 514 1133 ‘imperatoribns,
547 1061 598 1117 ubi
624 1060 732 1118 lemine
766 1060 930 1133 manipulos
961 1060 1131 1128 intervisat,

256 1159 363 1231 ‘signa
384 1160 481 1225 adeat,
505 1159 692 1233 largitionem
719 1165 835 1230 tentet3
856 1168 1001 1233 tamquam
1027 1177 1132 1233 parum

257 1256 433 1316 ‘ambitiose
461 1257 551 1315 filium
570 1258 654 1316 ducis
675 1258 786 1334 gregali
810 1259 909 1317 babitu
932 1258 1132 1326 circumierat,

256 1354 479 1432 ‘Caesaremque
500 1354 667 1431 Caligulam
688 1358 829 1431 appellari
855 1357 936 1414 velit.
977 1357 1128 1414 Potiorem

257 1455 335 1513 ‘iam
362 1457 438 1529 apud
472 1455 619 1513 exercitus
649 1456 851 1530 Agrippinam,
888 1473 974 1530 quam
1002 1457 1127 1529 legatos,

257 1560 364 1629 ‘quam
387 1555 493 1612 duces:
526 1571 724 1627 compressam
747 1572 765 1611 o
785 1554 905 1613 muliere
937 1554 1128 1622 seditionem,

256 1653 444 1711 ‘cuinomen
460 1651 606 1725 Principis
630 1653 770 1712 obsistere
794 1671 854 1712 non
874 1649 1020 1727 quiverit!
1063 1653 1126 1710 Ae·

255 1753 402 1810 cendebat
436 1752 510 1809 baec
541 1753 738 1826 onerabatque
771 1752 905 1817 Seianus,
936 1751 1039 1825 peritia
1066 1768 1130 1810 mo·

256 1868 317 1910 rum
333 1850 457 1916 Tiberii,
470 1850 537 1907 odia
552 1849 582 1909 in
596 1853 714 1925 longum
729 1851 848 1918 iaciens,
862 1867 935 1925 quae
945 1852 1128 1920 reconderet,

205 1939 246 2002 70
257 1957 398 2023 auctaque
422 1955 574 2023 promeret.
618 1950 659 2006 At
674 1949 1040 2022 Germanicustegionum,
1052 1967 1126 2023 quas

256 2049 382 2108 navibus
407 2054 539 2114 venerut,
551 2049 710 2108 secundam
724 2054 754 2105 et
768 2053 899 2122 quartum
912 2049 1065 2114 decimam,
1079 2047 1130 2105 iti·

256 2165 327 2206 nere
342 2147 468 2205 terrestri
493 2146 527 2203 P.
544 2147 668 2203 Vitellio
681 2147 830 2203 ducendas
843 2145 940 2212 tradit,
954 2164 1011 2221 quo
1031 2146 1129 2203 levior
1228 2145 1229 2148 ’

256 2248 359 2304 classis
388 2248 498 2304 vadoso
523 2245 596 2302 mari
619 2244 743 2311 iuuaret,
765 2247 812 2301 vel
838 2246 989 2317 reciproco
1008 2245 1130 2301 siderei.

256 2344 398 2404 Vitellius
421 2346 541 2417 orimum
556 2341 611 2401 iter
634 2345 715 2400 sicca
729 2345 825 2410 burno,
839 2350 889 2402 aut
911 2344 1025 2401 modice
1046 2345 1127 2400 astla·

256 2443 345 2499 bente
360 2441 451 2508 aestu,
464 2443 593 2514 quietum
608 2441 728 2499 babuit:
749 2459 816 2499 mox
832 2442 956 2514 impulsu
971 2442 1128 2516 aquilonis,

256 2538 342 2596 simul
356 2540 450 2595 sidere
464 2540 653 2612 aequinoctii,
667 2559 724 2615 quo
737 2541 865 2598 maxime
883 2543 1017 2598 tumescit
1034 2542 1130 2598 Ocea·

257 2653 320 2698 nus.
343 2637 404 2707 rapi
418 2636 521 2708 agique
546 2655 661 2711 agmen.
676 2646 704 2694 et
727 2641 918 2711 opplebantur
944 2648 1056 2697 terrae:
1077 2656 1127 2696 ea·

255 2735 322 2792 dem
336 2735 418 2801 freto,
433 2735 519 2801 litori,
533 2740 645 2809 campis
659 2739 768 2796 iacies:
790 2759 883 2814 neque
904 2741 1030 2797 discerni
1046 2746 1126 2814 pote·

257 2945 263 2958 Ι
285 2887 344 2957 (Μία
354 2888 380 2934 irs
389 2889 481 2945 longum
490 2890 583 2951 inciens]
615 2891 630 2937 i.
640 2907 660 2937 e.
677 2892 723 2938 odii
732 2894 849 2940 materiam
858 2908 993 2955 praeparans
1003 2891 1030 2939 ef
1040 2893 1126 2940 semina

255 2949 353 2994 invidiae
364 2963 468 3009 spumeus
484 2950 507 2995 in
518 2951 614 2997 animum
625 2952 720 3008 Tiberii,
735 2967 794 3012 quae
804 2955 871 3009 longo
881 2960 983 3013 tempore
993 2961 1042 3012 post
1052 2967 1076 2997 se
1085 2968 1125 2998 ex·

255 3014 347 3053 sereret,
379 3009 507 3067 Sequentia.
516 3024 570 3067 qame
578 3012 709 3058 reconderet,
720 3021 763 3056 etc.
772 3013 801 3056 de
809 3012 902 3058 Tiberio
909 3012 1054 3069 intelligenda
1065 3017 1125 3065 sunt,

256 3074 280 3111 et
298 3068 407 3126 explicant
427 3086 452 3115 oa
469 3068 495 3115 in
514 3068 612 3125 begam.
646 3069 732 3115 blaiseii
748 3085 830 3116 acuens
849 3072 919 3116 nrinus
938 3071 1036 3128 clemins,
1056 3084 1124 3132 quam

255 3131 338 3178 iaciens
349 3138 408 3190 puto.
440 3131 470 3179 In
479 3133 571 3189 longum
579 3145 660 3187 perure
669 3131 726 3176 dixit
736 3139 810 3177 noster
820 3137 841 3184 3.
852 3137 888 3180 27.
921 3133 981 3179 Era,

284 3210 362 3257 Sidere
378 3210 519 3269 aequinoctii]
562 3208 622 3255 Idem
639 3209 722 3254 Catum
741 3210 809 3255 sensit
828 3211 868 3255 scri
886 3211 967 3270 sitque,
981 3211 1125 3268 navigatione

256 3269 391 3322 Britannica,
403 3270 424 3314 in
434 3268 605 3314 Commentariis
614 3269 658 3312 suis
667 3271 688 3316 4.
699 3270 734 3314 28.
768 3270 799 3315 m
809 3270 861 3314 vide
871 3227 983 3315 i’osidonii
992 3285 1036 3315 oon
1043 3270 1126 3317 abbor-

255 3334 341 3374 rentem
352 3328 428 3373 abusu
445 3330 551 3373 bodierno
565 3328 599 3371 dis
617 3327 739 3372 utationem
756 3342 779 3373 su
796 3344 821 3373 er
838 3335 887 3374 tota
898 3343 922 3373 re
940 3344 952 3372 a
970 3330 999 3374 ud
1017 3329 1123 3378 strabon.

255 3401 274 3430 c.
286 3391 306 3431 3.
319 3393 367 3431 extr
387 3402 451 3446 quom
462 3393 537 3433 tamen
546 3386 592 3446 ipse
600 3342 662 3432 iiaud
672 3386 728 3431 iuste
737 3343 827 3432 roleilit.
859 3386 921 3443 [Aps.
953 3344 983 3435 il.
995 3403 1013 3433 r.
1033 3389 1124 3448 aequiu-

255 3445 307 3489 octii
316 3447 469 3491 aurtumunlis.

285 3519 371 3565 Eodem
382 3522 453 3576 frelo,
473 3523 544 3583 litori]
578 3523 611 3568 Ex
622 3523 655 3567 his
674 3522 817 3583 pluribusque
827 3523 984 3578 laetitiarum,
994 3538 1040 3571 uon
1056 3525 1125 3572 fuisse

256 3579 305 3629 ioco
323 3578 396 3627 litoris
412 3581 467 3627 olim
491 3582 603 3630 arenarius
620 3582 673 3630 illas
690 3583 760 3630 moles
776 3582 849 3630 verius
865 3597 933 3643 quam
950 3591 1045 3643 montes,
1065 3599 1127 3645 quse
