2459 4267
54 325 188 376 anne
318 305 719 375 nunvsoanm.
854 303 936 381 m

124 485 241 529 ”VIM
258 488 351 531 “Blo-
369 489 399 527 1..
416 487 553 531 'murlo

127 582 157 618 c.
175 580 276 618 ffl'flss
293 579 396 619 ΘΗΜ).
415 578 448 617 Ι.
467 578 597 623 mmm
616 578 692 619 ΠΝ

126 670 160 717 Q·
180 669 312 710 rutulo.
331 668 391 706 ΙΕΧ.
407 668 523 705 partulo
656 718 660 727 Ι

125 758 176 797 cm.
194 758 365 797 Actaeorum.
382 757 409 794 0·
429 756 534 796 PONTIO
551 756 621 795 008!-

51 903 126 985 (lu.
149 872 496 979 hominembonum
511 916 719 978 Scribonianus
742 864 961 980 danninum!

57 1028 202 1098 inierant,
215 1044 283 1086 oum
297 1027 417 1096 ansm,
431 1026 574 1095 tremisso,
587 1028 664 1102 qood
678 1028 808 1104 capreas
821 1035 853 1086 et
868 1008 935 1087 Sor:

54 1133 175 1186 rentum
209 1127 350 1195 interluit,
382 1126 466 1194 freto,
510 1126 705 1203 Campaniam
737 1128 934 1202 praelegebat,

53 1227 220 1300 ambiguos,
240 1243 279 1282 an
301 1226 402 1283 urbem
425 1224 557 1292 intraret,
581 1242 643 1292 seu,
667 1225 735 1298 quia
759 1233 862 1282 eontra
883 1225 933 1283 da·

53 1324 231 1391 atinaverat,
256 1321 387 1395 speeiem
415 1322 533 1379 venturi
556 1322 718 1380 simulans:
740 1328 771 1379 et
791 1338 879 1397 saepe
902 1323 935 1382 in

57 1421 491 1497 propinqundegressus‚aditis
500 1421 583 1479 iuxta
598 1420 733 1478 Tiberim
748 1421 847 1485 bortis,
861 1437 935 1483 saxu

54 1537 171 1578 rursum
184 1526 214 1576 et
228 1519 415 1577 solitudinem
430 1518 516 1577 maris
531 1519 658 1593 repetiit,
672 1521 779 1593 pudore
790 1522 935 1579 scelerum

57 1610 89 1676 et
113 1618 288 1675 libidinum:
319 1617 422 1691 quibua
437 1618 512 1674 adeo
536 1618 688 1676 indomitis
713 1624 872 1687 exarserat,
892 1621 934 1687 ut,

56 1733 139 1774 more
155 1716 260 1795 Regin,
282 1716 388 1788 pubem
411 1715 568 1790 ingenuam
582 1717 688 1791 stupris
703 1719 856 1789 pollueret,
877 1733 934 1776 neo
975 1721 982 1729 '

59 1814 182 1873 formam
196 1819 309 1871 tantum
322 1820 353 1871 et
367 1815 474 1871 deeora
497 1831 627 1888 corpora,
641 1816 693 1871 aed
709 1814 740 1871 in
763 1814 809 1871 bis
823 1815 934 1873 modes·

57 1916 119 1970 tam
134 1911 297 1985 pueritiam,
310 1911 342 1968 in
356 1912 422 1969 aliis
438 1912 582 1986 imagines
594 1913 744 1979 maiorum,
762 1912 934 1970 innitameu-

58 2015 124 2069 tum
146 2010 293 2084 cupidinis
307 2011 442 2067 habebat.
463 2017 589 2085 tonoque
607 2009 730 2083 primum
746 1988 847 2083 issnota
865 2014 934 2067 ante

59 2111 207 2168 voeabula
221 2114 335 2181 reperta
359 2113 436 2175 sunt,
449 2106 631 2165 oenomelum
644 2114 675 2163 et
687 2104 881 2183 spintriarum,
895 2124 935 2164 ex

58 2198 202 2265 foeditate
223 2206 282 2264 loni
302 2224 339 2264 ao
363 2206 519 2279 multiplici
544 2206 695 2278 patientie.
720 2204 934 2278 praepositique

60 2305 151 2373 servi,
174 2305 223 2379 qui
238 2311 418 2378 quaererent,
442 2305 651 2377 pertraherent,
665 2304 742 2359 donn
767 2302 798 2360 in
822 2319 934 2376 promp-

61 2408 117 2470 tos,
145 2403 239 2460 mines
261 2404 401 2460 adversus
435 2404 615 2460 abnuentes:
659 2409 698 2470 et,
725 2401 751 2459 si
774 2403 935 2460 retinerent

62 2503 239 2576 propinquus
266 2490 316 2558 aut
343 2518 456 2574 pareus,
490 2501 563 2568 vim,
596 2507 703 2575 raptus,
737 2518 844 2576 suaque
877 2498 934 2574 ipsi

61 2598 155 2668 libita,
169 2602 251 2656 velut
266 2600 297 2656 in
311 2607 422 2670 nuptos,
435 2602 623 2656 exercebant.
666 2600 708 2657 At
722 2599 844 2668 Romae,
858 2598 964 2675 prin-2

61 2690 140 2771 'cipio
155 2698 235 2762 anni,
250 2698 332 2772 quusi
348 2714 450 2753 recens
474 2686 601 2770 cognitis
629 2682 877 2774 Liviaedagittis,
896 2715 933 2757 ao

62 2813 119 2853 non
135 2797 248 2869 pridem
260 2786 352 2852 'eriam
367 2795 483 2868 punitis,
497 2801 610 2852 atroces
622 2798 786 2854 sententiae
796 2797 933 2855 diceban*

63 2898 115 2961 tur,
139 2893 171 2951 in
196 2884 307 2967 effigies
331 2912 442 2967 quoque
464 2911 500 2950 ao
525 2894 692 2951 memoriam
717 2895 789 2960 eiua,
810 2903 840 2952 et
859 2893 933 2950 bono

63 2988 159 3050 Sdoni
173 2990 272 3048 aluta
293 2989 413 3061 neronio,
435 2998 464 3048 ut
479 2990 509 3047 io
523 2991 631 3070 fiscum
653 2997 834 3065 cogeremur.-
863 2995 934 3046 tam·

92 3168 136 3215 Gn.
168 3166 294 3227 Domitius]
327 3164 415 3211 loitiom
425 3165 481 3212 serti
498 3165 550 3212 libri
566 3163 689 3210 arbitrario
701 3162 738 3209 hle
753 3161 802 3208 inre
821 3160 934 3218 oonatitui,

64 3240 107 3281 nou
117 3232 187 3272 certo.
220 3226 263 3271 Cui
275 3224 334 3269 enirn
352 3225 433 3284 probes
442 3231 527 3271 tantam
538 3223 582 3269 vim
593 3237 674 3277 rerum,
685 3228 791 3282 quantam
802 3219 856 3288 dixi,
867 3218 936 3266 trien·

63 3285 138 3346 nilque
146 3291 208 3342 gesta
220 3299 265 3329 uno
276 3283 391 3328 librorum
402 3284 542 3342 sequentibus
551 3281 636 3327 inclusa
646 3280 713 3325 luisse
722 3281 731 3322 “r
749 3280 841 3324 Seerevr
859 3278 934 3331 igitur,

64 3358 107 3390 non
117 3343 168 3404 quio
178 3345 274 3403 liqueret
284 3342 339 3388 milri
349 3342 436 3389 initium
451 3345 473 3389 in
492 3342 527 3386 bie
544 3343 633 3385 «tomum
649 3339 727 3387 verbis
739 3337 882 3404 faciundum
896 3337 934 3382 aed

63 3403 112 3461 quia
120 3403 295 3457 magnitudinem
306 3415 384 3459 resque
395 3408 467 3458 gestes
476 3399 612 3451 aestimanti,
623 3398 655 3443 ita
665 3396 790 3443 ridebatur.
825 3394 934 3453 Demque,

66 3466 96 3564 pti
99 3462 165 3508 scires
174 3462 266 3523 saltem,
277 3461 336 3507 buno
346 3459 413 3518 vulgo
430 3462 530 3521 quintum
540 3458 622 3505 librum
631 3457 720 3505 indues
728 3469 776 3531 epae
785 3453 934 3505 tribuendum.

94 3535 126 3575 ps.
