2459 4267
254 333 328 404 244
568 356 753 407 aaaaarvu
980 359 1008 408 a
1022 358 1054 407 v.
1068 361 1133 407 res.
1219 338 1224 407 ὲ

253 509 372 585 cognitu
398 511 557 580 obvenere,
586 505 757 588 quamquam
780 514 818 571 ab
844 512 909 571 aliis
931 511 1130 570 incelebrata.
1226 543 1227 546 =

224 612 242 668 8
256 609 334 667 Nam
347 587 384 667 ea⁴
397 615 578 685 tempestate,
592 631 648 686 qua
660 613 760 671 Seiani
772 613 932 671 amicitiam
943 615 1036 671 ceteri
1051 613 1133 670 salso

255 715 406 777 exuerant,
420 727 505 767 ausus
528 717 571 768 est
582 712 679 786 Eques
695 713 851 780 Romanus,
866 712 908 770 Μ.
952 713 1132 780 Terentina,

255 812 294 867 ob
314 808 343 867 id
371 828 444 876 reus,
468 811 615 882 amplecti,
629 812 666 869 ad
688 813 765 869 hunc
790 813 905 869 modum
930 813 1008 882 apud
1032 813 1132 869 Sena·

258 915 318 967 tum
331 908 483 967 ordiendo:
506 910 675 967 ‘Fortunae
696 910 813 985 quidem
828 927 922 966 meae·
932 912 1054 966 tortasse
1070 910 1129 967 mi·

257 1015 327 1067 ‘nus
337 1010 483 1082 expediat,
494 1011 672 1084 adgnoscere
684 1010 804 1077 crimen,
816 1026 900 1084 quarn
912 1010 1050 1067 abnuere.
1060 1010 1131 1077 sed,

256 1113 419 1182 ‘utcunque
432 1125 534 1166 casura
548 1127 593 1166 res
606 1115 661 1175 est,
675 1108 793 1175 fatebor,
804 1117 833 1165 et
848 1109 935 1165 luisse
951 1126 998 1165 me
1014 1109 1132 1165 Seiano

256 1206 410 1274 ‘amicum
424 1213 464 1273 et,
478 1211 507 1265 ul
522 1225 626 1275 essem,
646 1209 802 1281 expetisse,
816 1212 854 1273 et,
869 1213 1021 1282 postquam
1035 1208 1129 1279 adep·

257 1311 322 1362 ‘tus
336 1324 425 1373 eram,
444 1308 591 1365 laetatum.
632 1307 772 1364 Videram
792 1308 947 1380 conlegam
962 1306 1060 1377 patris
1082 1323 1131 1367 re·

256 1406 378 1480 ‘gendis
394 1406 548 1463 Praetoriis
561 1407 744 1473 cohortibus3
765 1423 832 1462 mox
855 1405 932 1463 urbis
947 1410 976 1462 et
999 1404 1129 1461 militiae

256 1504 373 1561 ‘munia
396 1506 479 1561 simul
503 1508 665 1562 abeunte-m.
687 1507 764 1563 illius
792 1505 943 1579 propinqui
957 1511 987 1562 et
1010 1505 1129 1561 atlfiaes

255 1602 429 1659 ‘bonoribus
453 1605 644 1677 angebantur:
670 1609 700 1661 ut
723 1605 841 1679 quisque
864 1605 974 1661 Seiano
993 1602 1129 1670 intimus,

256 1701 317 1759 ‘ita
337 1702 374 1759 ad
395 1700 530 1760 Caesaris
556 1702 717 1763 amicitiam
736 1704 868 1761 validus:
887 1710 1000 1771 contra,
1019 1703 1129 1777 quibus

255 1798 402 1857 ‘intensus
416 1806 502 1868 esset,
516 1806 594 1859 metu
608 1819 643 1858 ao
658 1803 788 1875 sordibus
801 1802 1050 1868 conflictabantur,
1065 1818 1128 1859 nec

256 1905 446 1975 ‘quemquam
460 1902 596 1973 exemplo
617 1901 751 1957 adsumo:
772 1906 903 1968 cunctos,
927 1901 976 1976 qni
1000 1900 1128 1957 novissi·

256 1998 317 2055 ‘mi
330 1998 446 2055 consilii
470 2003 605 2072 expertes
627 1998 737 2069 luimus,
759 2017 825 2056 meo
846 1999 930 2060 unius
943 1998 1127 2061 ¹discrimine

176 2107 183 2125 ⁸
257 2097 436 2155 ‘defendam
478 2097 546 2154 Non
567 2096 646 2155 enim
668 2097 806 2155 Seianum
824 2097 1054 2163 Vulsiniensem,
1071 2099 1128 2155 sed

194 2215 196 2219 ’
257 2196 419 2256 ‘Claudiae
445 2201 475 2253 et
502 2196 595 2255 lullae
614 2198 716 2254 domus
738 2184 858 2270 partem,
879 2214 950 2270 quas
972 2196 1142 2254 adfinitate

257 2302 481 2371 ‘occupaverat
496 2302 584 2368 tuum,
599 2297 718 2363 Caesar,
731 2313 877 2369 generum,
891 2295 933 2351 tni
948 2297 1128 2353 Consulatus

257 2397 396 2465 ‘socium
418 2402 466 2454 tna
479 2396 575 2454 officia
587 2395 618 2453 in
634 2396 757 2468 Republ.
778 2401 989 2468 capessentem,
1008 2396 1128 2453 coleba-

258 2501 351 2552 ‘mus
392 2497 459 2553 Non
474 2502 519 2551 est
534 2500 671 2562 nostrum,
686 2493 848 2562 aestimare,
872 2511 957 2569 quem
979 2511 1062 2567 supra
1076 2511 1128 2550 ce·
1227 2548 1228 2555 ,

258 2598 361 2660 ‘lema
381 2599 411 2650 et
424 2592 526 2667 quibus
545 2594 582 2649 de
596 2593 706 2650 caussis
720 2595 853 2650 extollas.
895 2592 968 2649 Tibi
982 2610 1128 2650 summum

243 2707 370 2757 ,ererum
391 2691 530 2748 iudicium
553 2691 605 2747 Dii
629 2693 752 2749 dedere:
774 2691 857 2750 nobis
878 2691 1009 2766 obsequii
1033 2692 1129 2766 gloria

258 2784 382 2846 ‘relicta
392 2794 445 2845 est.
487 2789 660 2860 Spectamus
675 2808 767 2863 porro,
778 2808 850 2865 quae
861 2807 958 2847 coram
972 2790 1128 2858 habentur,

258 2889 325 2947 ‘oui
339 2908 377 2946 ex
402 2894 432 2946 te
451 2905 531 2962 opes,
545 2889 678 2957 honores,
699 2890 762 2965 quis
785 2890 907 2963 piurima
928 2888 1049 2946 iuvandi
1075 2906 1128 2946 no·

258 2989 404 3049 ‘cendive
428 2988 574 3070 potentia:
595 3006 669 3063 qnae
695 2988 804 3046 Seiano
817 2987 913 3055 luisse,
928 3005 1015 3045 nemo
1039 3005 1128 3060 nega·

258 3090 365 3171 ‘verit
386 3089 499 3146 abditos
514 3088 659 3160 Principis
681 3105 790 3153 sensus,
805 3093 834 3143 et
854 3087 879 3143 si
901 3087 968 3161 quid
982 3086 1127 3143 occultius
1227 3110 1228 3119 ¹

259 3197 365 3266 ‘par-at,
380 3187 539 3263 exquirere,
563 3185 718 3253 inlicitum,
742 3202 866 3259 anceps:
889 3203 944 3242 nec
958 3185 1027 3242 ideo
1046 3187 1129 3242 adse·
1227 3204 1228 3231 t

258 3308 373 3365 ‘quare
416 3288 473 3355 Ne,
488 3287 521 3343 P.
537 3286 572 3343 C.
587 3285 719 3342 ultimum
745 3284 846 3341 Seiani
870 3283 959 3351 diem,
971 3285 1023 3340 sed
1047 3286 1130 3345 sede·

258 3391 336 3449 ‘cim
350 3405 442 3445 anuos
456 3384 676 3459 cogitaveritis.v
687 3383 776 3441 etiam
792 3382 919 3439 Satrium
933 3387 1019 3457 atque
1044 3383 1131 3441 Pom·

259 3489 397 3560 ‘ponium
408 3488 633 3542 venerabamur:
656 3481 766 3540 libertis
780 3498 892 3556 quoque
906 3497 942 3537 ac
955 3481 1130 3539 ianitoribus
1176 3544 1179 3551 4

261 3584 338 3642 ‘eius
360 3590 522 3653 notescere,
546 3601 598 3661 pro
621 3581 776 3661 magnifico
799 3579 1005 3655 accipiebatur.
1050 3579 1129 3653 Quid
