2459 4267
71 342 98 389 r.
113 340 141 389 o.
161 344 198 391 rr.
280 343 352 389 nra.
379 342 402 388 r.
452 341 531 390 oar.
556 318 730 390 citi-50.
897 322 949 390 43

67 495 201 553 adversis
221 514 239 553 e
264 496 377 553 castris.
397 498 449 554 sed
471 495 574 554 iisdem
599 515 618 554 e
637 495 792 561 cubilibus,
815 510 885 569 quos
908 493 946 552 si·

41 643 44 647 .
66 596 123 651 mul
146 596 299 651 sescentis
314 596 386 662 dies,
411 577 625 669 simulquietos
645 612 704 651 nox
728 594 876 659 habuerat,
889 593 950 649 dira

66 694 175 750 cedunt
191 694 222 751 iu
237 699 344 767 partes,
358 693 495 767 ingerunt
509 695 586 750 reta:
600 695 721 758 clamor,
736 694 867 754 vulnere,
880 708 948 748 san·

10 869 12 876 y
67 791 128 863 guis
143 793 262 864 palam:
283 808 386 849 causeo
400 793 432 850 in
452 794 586 849 occulto:
607 799 706 849 cetera
721 792 779 847 fors
803 791 893 864 regit:
914 795 949 848 et

10 881 12 894 ’
67 891 184 964 quidam
200 895 341 948 bonorum
355 892 445 958 caesi,
467 899 629 965 postquam,
651 892 813 954 intellecto,
827 890 858 945 in
873 905 950 962 quoe

67 989 239 1055 saeviretur,
256 979 382 1061 pessimi
393 1008 506 1064 quoque
519 1008 597 1048 arma
612 993 774 1063 rapuerant.
795 1006 889 1062 neque
903 990 950 1045 le·

67 1092 149 1160 gatus
164 1096 216 1146 ant
238 1089 368 1145 tribunus
389 1091 553 1146 moderator
572 1088 681 1146 adluit:
702 1088 839 1160 permissa
855 1091 947 1162 vulgo

66 1184 188 1243 licentia
204 1192 291 1260 atque
313 1187 385 1243 ultio
398 1194 428 1243 et
451 1188 581 1244 satietas.
623 1187 696 1243 Mox
722 1186 866 1260 ingressus
880 1203 947 1244 cas*

67 1288 108 1339 tra
123 1285 329 1353 Germanicus,
350 1303 406 1343 non
429 1284 597 1343 medicinam
619 1283 699 1351 illud,
721 1285 850 1357 plurimis
873 1302 947 1343 cunr

66 1384 208 1450 lacrimis,
222 1383 273 1441 sed
289 1382 395 1442 cladem
407 1386 569 1458 adpellem,
586 1381 708 1441 menori
720 1400 838 1460 euporo
850 1384 941 1441 iubet.

107 1483 227 1540 Truces
248 1483 336 1540 etiam
364 1491 425 1540 tum
449 1484 561 1541 animos
589 1482 698 1555 cupido
710 1483 824 1540 involat
851 1482 942 1541 cundi

67 1578 97 1637 in
124 1582 252 1646 hostem,
270 1583 417 1654 piaculum
444 1583 563 1639 luroris:
585 1600 642 1640 nec
663 1582 749 1640 aliter
769 1599 853 1655 porse
880 1584 940 1653 pln-

68 1680 126 1736 cari
140 1681 374 1751 commilitonum
385 1698 497 1748 mones,
510 1698 606 1755 quam,
619 1682 645 1738 si
665 1682 828 1754 pectoribus
842 1680 940 1753 impiis

68 1778 193 1836 honesto
208 1782 330 1837 vulnera
344 1780 536 1853 accepissent
561 1780 697 1854 Sequitur
715 1781 847 1836 ardorem
866 1779 942 1837 miti·

69 1881 127 1934 tum
155 1879 279 1944 caesar,
312 1879 585 1952 iunctoque‘ponte
619 1879 752 1936 tramittit
785 1877 943 1936 duodecim

66 1979 157 2037 millio
182 1999 200 2036 e
215 1982 387 2055 legionibus,
408 1999 462 2038 sex
490 1986 521 2039 et
548 1981 654 2056 viginti
675 1982 770 2039 socias
794 1983 939 2049 cohortes,

69 2084 136 2135 octo
163 2080 297 2152 equiturn
323 2083 393 2149 atas,
412 2097 531 2153 quarum
558 2097 594 2137 en
607 2080 752 2138 seditione
766 2079 940 2136 intemerata

67 2177 209 2235 modestia
229 2178 291 2235 luit.
303 2147 325 2273 t
332 2180 428 2246 Laeti,
453 2197 546 2253 oeque
560 2180 671 2252 procul,
695 2177 836 2235 Germani
850 2177 992 2250 agita-50

68 2277 144 2342 bant,
157 2281 230 2334 dnm
257 2278 376 2345 iustitio,
390 2281 428 2335 ob
455 2279 591 2336 amissum
608 2278 781 2351 Augustum,
805 2280 869 2349 post
883 2276 939 2334 dir·

69 2378 175 2435 cordiie
203 2376 368 2435 attineruur.
425 2380 468 2435 At
497 2377 646 2435 Romanus
674 2374 795 2449 agmine
817 2391 944 2449 propero

67 2473 172 2532 silvam
204 2476 340 2534 Caesiam
367 2476 559 2550 limitemque,
586 2493 604 2532 a
640 2473 765 2532 Tiberio
791 2479 938 2546 coeptum,

68 2573 174 2632 scindit
189 2594 203 2628 r»
217 2579 313 2632 castra
337 2576 367 2633 in
390 2575 483 2632 limite
497 2577 593 2643 locat3
613 2574 738 2631 frontem
762 2591 797 2631 ac
826 2581 937 2648 tergum

67 2674 154 2739 sallo,
169 2673 262 2729 lutera
275 2663 471 2729 concaedibus
486 2671 591 2728 munit.
632 2670 704 2726 lude
726 2672 815 2726 saltus
850 2672 938 2727 obcu-

67 2786 109 2825 ros
128 2775 270 2842 permeat,
284 2771 495 2843 consultatque,
508 2785 542 2825 ec
562 2765 669 2824 modus
688 2765 835 2825 itineribus
858 2767 938 2825 breue

66 2873 89 2923 et
119 2867 244 2935 solitum,
277 2873 418 2944 remur,
450 2884 491 2924 on
522 2864 681 2943 impeditius
713 2873 739 2925 et
761 2866 936 2935 intentatum,

69 2982 149 3042 eoqrae
186 2964 314 3023 ursulus
349 2966 502 3024 insonum.
563 2966 690 3023 Delecta
715 2966 845 3039 longiore
875 2965 938 3033 via,

69 3073 165 3123 cetera
205 3067 415 3123 adcelerantur.
448 3064 558 3122 etenim
592 3067 749 3121 attulerant
773 3065 943 3135 explorato

71 3163 233 3241 renfestonr
246 3179 308 3220 enm
321 3160 471 3220 Germanis
484 3168 597 3228 nodnn,
619 3178 653 3218 no
672 3158 832 3217 solennibus
844 3156 936 3234 epulis

69 3258 211 3319 nornen
242 3261 373 3319 Caecina
386 3279 452 3320 oum
467 3261 613 3334 expeditis
627 3260 799 3317 cohortubns
815 3256 936 3329 praeire,

71 3365 99 3415 et
111 3363 256 3418 obstantia
275 3360 414 3418 silvarum
437 3360 551 3418 amoliri
565 3360 697 3416 iubetur:
718 3357 849 3430 legiones
877 3372 935 3412 rno-

70 3457 135 3518 dioo
168 3459 324 3516 intervallo
358 3466 526 3535 sequuntur.
586 3456 669 3517 luvit
702 3473 762 3513 nox
793 3452 934 3512 sideribus

70 3556 217 3613 inlustris:
249 3564 425 3634 ventumque
446 3560 484 3615 ad
512 3557 595 3615 vicos
624 3556 795 3621 Marsorum,
823 3559 854 3607 et
881 3551 941 3608 cir·.

69 3657 218 3714 cumdatae
240 3656 389 3727 stationes,
415 3657 514 3715 stratis
534 3656 625 3716 etiam
651 3659 712 3714 tum
735 3670 787 3729 per
817 3647 939 3715 cubilia,
