2459 4267
39 397 172 449 ecee
260 403 342 491 nra.
368 403 416 452 rr.
466 404 545 451 cue.
574 384 741 453 lt.-17.
841 366 916 459 itu

42 553 171 615 ‘Macro
193 557 371 626 Praefectus,
386 559 641 634 Tribunumnrque
661 565 692 617 et
706 559 918 618 centurionum

40 660 48 687 ‘
60 656 161 729 pauci,
171 663 282 715 'secum
297 644 461 725 introirent,
474 658 608 732 quotiens
629 659 741 716 curiam
754 658 917 734 ingredere·

42 758 119 821 ‘tur,
146 754 278 827 petiuit?
297 756 432 832 lectoque
455 758 544 831 large,
557 764 588 814 el
601 758 668 814 sius
691 758 918 832 praescriptione

41 852 163 927 generis
176 856 360 921 winemeri,
380 857 649 924 Senatnscourulto,
663 874 701 914 ne
712 863 789 914 tecte
803 857 920 932 quidem

43 953 137 1018 urbis,
160 955 235 1011 udeu
258 955 405 1026 publicum
418 954 574 1012 consilium
599 971 754 1031 numquam
768 956 850 1023 suitr,
871 958 919 1014 de

43 1051 107 1107 viis
123 1053 290 1127 plerumque
302 1053 454 1110 itineribus
473 1053 625 1127 ambigens
646 1055 767 1127 putrium
781 1061 812 1112 et
829 1042 919 1112 decli-

44 1168 134 1209 uens.
177 1152 293 1210 Interea
308 1170 414 1226 magna
436 1154 482 1209 ris
496 1159 697 1209 accusatorum
712 1153 742 1210 in
769 1171 819 1211 eos
843 1154 918 1212 inru
933 1138 972 1198 ¹ss

45 1251 102 1324 pit,
125 1249 174 1324 qui
196 1251 334 1323 pecunias
354 1253 473 1308 foenore
496 1251 687 1317 auctitabant,
706 1240 858 1309 adversum
881 1255 921 1310 to·

44 1366 116 1423 gem
132 1349 294 1409 Dictatoris
308 1351 453 1419 Caesaris,
467 1368 524 1425 qua
537 1346 569 1405 dr
588 1347 669 1406 modo
689 1348 818 1407 credendi
832 1354 922 1429 pussi-

46 1445 185 1524 'derrde'qur
204 1449 282 1506 intra
303 1448 420 1508 ltaliam
442 1457 581 1520 caveturr
599 1451 738 1508 omissam
749 1450 831 1517 olim,
853 1450 921 1525 quia

47 1547 168 1621 privato
182 1548 244 1605 usui
264 1551 370 1607 mcum
380 1548 532 1622 publicum
546 1550 736 1624 postponitur.
778 1550 857 1607 Saue
871 1567 922 1607 re·

47 1650 94 1703 tus
109 1647 175 1702 urbi
188 1647 325 1705 foenebre
339 1650 455 1715 matum,
468 1654 498 1706 et
511 1649 688 1707 seditionum
702 1649 922 1707 discordiarum·

48 1762 104 1819 qne
126 1746 301 1803 creberrima
326 1764 450 1804 caussa:
471 1764 561 1823 eoque
585 1749 783 1814 cohibebatur,
796 1747 923 1822 antiquis

50 1863 166 1921 qnoque
193 1851 225 1902 et
250 1846 344 1903 minus
360 1846 508 1919 'corruptis
536 1847 672 1904 moribus.
727 1846 805 1903 Nam
831 1846 924 1919 primu

51 1944 209 2005 duodecim
221 1945 326 2001 tabulis
334 1951 476 2011 sunctum,
487 1961 521 2001 rte
531 1941 1101 2043 pdeuudumosoeumeumohhm
1119 1984 1177 2037 m,

49 2041 357 2120 plius‘exeroereteuna
372 2049 459 2099 antea
472 2061 511 2099 ex
524 2043 645 2100 libidine
661 2040 850 2114 locupletium
865 2040 925 2114 agi-²
1108 2031 1114 2047 ‘

51 2147 178 2199 teretur:
198 2142 267 2199 dein
279 2142 427 2216 rogatione
442 2140 618 2198 Tribunicia
631 2142 667 2196 ad
691 2140 856 2197 semuncias
883 2156 925 2196 re·

53 2232 151 2309 decta,
167 2247 312 2314 postremo
327 2240 419 2298 vetita
440 2257 568 2298 versura.
589 2238 743 2313 multisque
763 2237 856 2310 plebis
870 2234 927 2293 sci·

54 2340 92 2397 tis
105 2339 227 2397 obvium
256 2339 328 2396 itum
348 2339 505 2406 fraudibus,
527 2356 610 2413 quee,
638 2338 746 2395 totiens
769 2351 925 2409 repressae,

54 2439 145 2496 mirus
159 2456 210 2511 per
233 2444 309 2496 artes
333 2456 441 2496 rursum
463 2438 639 2495 oriebantur.
681 2438 741 2494 Sed
760 2442 821 2493 tum
836 2435 927 2492 Grec·

56 2539 130 2598 chus
145 2538 275 2603 Praetor,
297 2537 347 2595 cui
368 2545 406 2593 es
426 2537 558 2611 quaestio
569 2541 728 2603 evenerat,
741 2534 927 2594 multitudine

57 2635 287 2709 periclitantium
304 2638 450 2701 subactus,
474 2634 572 2693 retulit
595 2636 632 2692 ed
659 2635 820 2692 Senatum:
843 2632 928 2707 trepi-

57 2734 144 2810 dique
158 2735 262 2791 Patres
275 2732 382 2808 (neque
396 2735 475 2791 enim
485 2733 634 2809 quisquam
644 2724 788 2807 taliculpa
803 2728 928 2809 vacuus)

58 2834 178 2891 reniam
192 2849 209 2889 e
224 2832 361 2906 Principe
384 2833 532 2906 petivere:
552 2838 591 2900 et,
618 2834 809 2901 concedente,
834 2848 928 2889 annus

59 2931 249 3004 inposterum
262 2948 373 3006 sexque
383 2949 497 2988 menses
510 2931 580 2997 dati,
591 2932 664 3005 quis,
677 2932 837 2988 secundum
851 2931 930 2986 iussa

59 3031 142 3103 legis,
183 3030 311 3086 rationes
351 3029 508 3087 familiares
547 3029 667 3104 quisque
711 3029 929 3099 componerent.

61 3129 143 3187 Hinc
157 3127 257 3201 inopie
281 3128 323 3185 rei
345 3129 502 3196 numeriae,
525 3134 673 3191 cormuutu
695 3126 780 3182 simul
802 3124 930 3180 omnium
945 3119 982 3180 tl

59 3245 128 3284 uere
149 3227 263 3295 alieu03
283 3233 314 3294 et
341 3227 417 3301 quie,
432 3233 475 3284 tol
492 3224 647 3291 damnatis,
670 3222 810 3296 bonisque
833 3236 932 3276 eorum

60 3325 233 3392 divenditis,
257 3325 403 3398 signatum
421 3331 572 3399 argentum
592 3323 664 3379 fisco
677 3323 726 3377 vel
749 3317 861 3376 aerario
884 3307 932 3375 ad²

61 3426 217 3483 tinebatur.
237 3425 275 3481 ad
289 3425 345 3481 boc
362 3424 488 3482 Senatus
508 3420 742 3495 praescripserat,
755 3418 845 3475 ‘duas
858 3415 934 3489 quis·

21 3584 22 3591 ,
61 3530 134 3599 ‘que
155 3523 282 3580 foenoris
302 3528 397 3595 partes
412 3523 444 3579 in
458 3521 534 3596 agris
549 3538 600 3593 per
615 3520 731 3577 ltutiem
746 3514 936 3574 conlocaret*

63 3625 123 3683 Sed
138 3622 299 3689 creditores
316 3622 351 3680 in
362 3622 487 3683 solidum
498 3622 705 3697 adpellabuute
726 3634 783 3678 uec
795 3617 935 3676 decerunt
