2459 4267
23 409 24 414 ,
92 355 201 404 scu.
291 354 361 403 nn.
388 355 425 402 ιι.
475 354 555 401 car.
582 331 754 402 (rc-63.
875 332 946 399 109

94 512 144 565 lum
158 509 372 582 Elephantinen
386 526 421 567 aa
437 509 569 585 Syenen,
588 511 715 567 claustra
728 506 801 592 olim
821 501 948 564 Romani

91 606 210 681 inperii3
238 610 312 683 quod
327 626 405 665 nunc
420 610 535 666 rubrum
548 610 584 665 ad
599 626 678 665 mare
693 607 828 681 patescit.

124 706 197 764 Dum
217 725 252 764 ea
272 714 368 764 aestas
389 707 569 764 Germanico
590 710 686 781 plores
707 724 759 780 per
779 695 947 779 provincias
960 706 1002 766 62

91 806 251 880 transigitur,
276 808 354 863 baud
378 809 446 863 leve
465 808 556 863 decus
578 806 688 862 Drusus
710 804 866 880 quaesivit,
883 803 949 859 ioli-

90 902 162 959 ciens
175 905 338 963 Germanos
352 906 389 962 ad
403 905 581 973 socordiam
605 909 692 978 utque
706 903 800 961 fracto
814 904 871 960 iam
886 901 949 959 Ma-

90 1003 205 1059 roboduo
224 1022 314 1079 usqne
339 1005 371 1062 in
395 1004 520 1061 exitium
548 1004 738 1082 insisteretqr.
780 1002 852 1060 Erat
871 1002 950 1061 inter

90 1099 208 1158 Gotones
222 1104 330 1160 nobilis
353 1103 478 1172 iuvenis,
498 1103 619 1159 nomine
634 1102 788 1169 Catualda,
815 1102 949 1175 profugus
971 1151 977 1158 .

89 1197 150 1256 olim
166 1201 193 1257 vi
208 1202 394 1267 Marobodui,
413 1210 443 1259 et
463 1187 542 1269 tunc,
563 1202 659 1259 dubiis
681 1205 765 1259 rebus
779 1203 852 1267 eius,
866 1203 949 1259 ultio-
1052 1257 1059 1270 ,
1129 1253 1139 1274 ,

87 1314 249 1359 nonnosus.
295 1302 326 1358 ls
352 1302 450 1359 valida
475 1319 562 1358 manu
582 1301 654 1357 fines
677 1300 950 1359 Marcomannorum

88 1393 243 1471 ingreditur,
269 1401 469 1475 corruptisque
505 1400 678 1473 primoribus
705 1400 742 1455 ad
768 1400 950 1484 societatem,

89 1493 215 1570 inrumpit
238 1499 350 1572 regiam
375 1502 587 1575 castellumque
611 1497 695 1556 iuxta
715 1499 811 1557 situm.
834 1508 949 1555 veteres

90 1590 143 1652 irie
159 1598 320 1655 suevorum
340 1600 474 1671 praedae,
494 1605 525 1655 et
546 1599 651 1655 nostris
665 1616 682 1655 e
696 1598 856 1673 provinciis
871 1600 950 1655 lixae

23 1665 26 1766 i
90 1707 121 1749 ac
142 1697 335 1769 negotiatores
360 1699 486 1770 reperli;
519 1715 590 1771 quos
613 1697 657 1753 ius
681 1697 859 1764 commercii,
880 1697 950 1756 dein

90 1792 186 1865 cupido
198 1795 328 1869 augendi
348 1795 511 1868 pecuniam,
526 1803 700 1868 postremum
713 1796 825 1854 oblivio
839 1797 949 1871 patriae

90 1890 140 1947 suis
150 1911 288 1969 quemque
301 1896 338 1949 ab
351 1894 468 1950 sedibus
484 1883 620 1951 bostilhr
634 1894 665 1951 in
680 1912 779 1970 agrum
793 1895 949 1952 transtulit.

118 1994 254 2051 aroboduo
281 1994 411 2067 undique
438 1994 555 2049 deserto
585 2011 644 2050 non
671 1994 750 2050 aliud
778 1994 949 2059 subsidium,
962 1998 1004 2058 63

23 2161 24 2168 ἵ
90 2105 165 2160 quam
184 2090 385 2149 misericordia
404 2077 548 2158 Caesaris,
569 2092 623 2154 l'nit
644 2098 836 2165 transgressus
852 2093 952 2149 Danu·

90 2186 169 2258 bium,
195 2211 249 2266 qua
281 2191 422 2248 Noricam
456 2192 639 2264 provinciam
667 2190 808 2263 praefluit,
835 2190 952 2263 scripsit

93 2286 212 2360 Tiberio,
227 2309 288 2347 non
302 2296 334 2346 ut
348 2289 482 2363 profugus
503 2297 553 2347 ant
572 2291 706 2362 supplex,
725 2290 776 2345 sed
791 2307 828 2345 ex
845 2306 950 2346 memo-

23 2443 24 2450 ,
90 2385 127 2442 ria
141 2389 242 2461 prioris
252 2390 395 2447 fortunae.
436 2389 536 2446 ‘Nam
551 2389 648 2446 multis
663 2387 839 2456 nationibus,
853 2386 951 2445 claris·

23 2465 24 2538 i
90 2486 200 2545 ‘simum
211 2489 358 2564 quondam
372 2486 484 2561 Regem
498 2490 535 2544 ad
549 2506 581 2544 se
594 2486 776 2553 vocantibus,
788 2489 950 2545 Romanam

89 2585 258 2645 ‘amicitiam
273 2586 462 2661 praetulisse!
505 2589 686 2660 Responsum
700 2607 717 2644 a
733 2589 869 2656 Caesare,
890 2592 950 2647 ‘tu-

91 2686 161 2742 ‘lam
174 2688 202 2743 ei
215 2689 444 2763 honoratamque
458 2688 559 2744 sedem
579 2686 609 2744 in
633 2688 718 2744 ltalia
733 2687 801 2756 lore,
814 2689 840 2746 si
854 2706 950 2746 mane·

23 2795 24 2802 ¹
91 2781 163 2840 ‘retz
183 2785 229 2843 sin
245 2788 329 2843 rebus
343 2786 406 2843 eius
426 2787 506 2843 aliud
520 2786 706 2852 conduceret,
727 2787 869 2847 abiturum
883 2789 950 2854 lide,

89 2884 158 2954 ‘qua
184 2883 336 2941 venisset!
370 2867 501 2941 ceterum
534 2886 610 2958 apud
639 2884 780 2943 Senatum
806 2886 950 2952 disseruit,

90 2982 160 3037 ‘non
186 2982 356 3055 Philippum
387 2984 626 3050 Atheniensibus,
650 3001 708 3041 non
738 2985 880 3057 Pyrr-bom
901 2989 951 3039 aot

23 3053 25 3158 i
82 3061 295 3148 trasimenum,
330 3082 443 3155 Populo
470 3082 605 3141 Romano
632 3082 752 3156 perinde
780 3080 951 3139 metuendos

23 3161 26 3206 l
89 3175 206 3235 ‘luisse’
247 3182 337 3237 Extat
353 3181 456 3249 oratio,
470 3200 526 3256 qua
546 3180 794 3255 ‘magnitudinem
811 3178 876 3244 viri,
890 3178 951 3234 vio-

90 3275 223 3335 ‘leutiam
234 3278 429 3336 subiectarum
443 3282 470 3336 ei
485 3279 626 3353 gentium,
639 3285 670 3335 et
680 3294 765 3351 quam
777 3276 950 3349 propinquus

91 3373 210 3433 ‘ltaliae
240 3378 342 3444 hostis,
369 3397 476 3453 suaque
503 3379 533 3436 in
556 3376 733 3435 destruendo
759 3393 796 3433 eo
819 3373 951 3431 consilia’

90 3475 200 3532 extulit.
240 3476 281 3533 Et
300 3476 495 3535 Maroboduus
513 3476 630 3553 quidem
651 3476 811 3533 Ravennae
828 3472 951 3543 babitus,

89 3570 248 3646 siquando
274 3577 486 3644 insolescerent
513 3576 617 3647 Saevi,
642 3575 724 3656 quasi
750 3574 892 3636 rediturus
919 3573 950 3632 in

126 3687 197 3729 von.
220 3692 241 3731 r.
520 3677 557 3732 10
