2459 4267
88 389 225 440 acca
329 388 473 438 ars.v1.
522 390 601 437 cnr.
628 368 772 439 8.-10.
895 373 969 441 245

89 541 209 618 ‘ergol
228 543 400 602 indistincta
418 544 493 601 haec
516 543 648 602 delensis
660 550 691 602 et
715 544 878 618 promiscua
889 545 969 605 «latu

89 641 189 701 ‘turi
221 643 309 703 immo
326 642 415 699 iustis
438 641 568 699 terminis
595 642 753 701 dividatur.
784 643 909 701 insidiae
935 643 968 704 iu
1034 660 1037 664 ·

88 743 275 815 ‘Rempubl
296 742 421 799 consilia
443 742 543 799 caedis
570 743 725 800 adversum
751 743 968 816 Imperatorem,

89 841 292 915 ‘punianturt
312 843 350 898 de
370 840 501 898 amicitia
520 847 550 898 et
571 840 684 908 officiis,
703 842 783 902 idem
797 840 863 901 lius
886 850 916 899 et
930 846 969 909 te,

92 941 241 1008 ‘Cassan
266 945 298 997 et
324 957 377 997 nos
403 937 582 998 absolverit!
621 940 795 1000 Constantia
820 933 1002 1011 orationis,9

92 1045 140 1106 et,
154 1042 222 1114 quia
241 1044 370 1111 repertus
383 1042 455 1103 erat,
468 1038 518 1113 qui
530 1039 654 1107 efferret,
666 1057 741 1115 quae
755 1057 857 1097 omnes
869 1039 970 1099 auimo

90 1138 260 1212 agitabant,
273 1155 310 1194 eo
323 1155 412 1212 usque
423 1145 551 1210 potuere,
565 1144 596 1196 ut
610 1144 795 1199 accusatores
805 1138 876 1206 eius,
889 1138 969 1199 adui-

93 1237 148 1301 tia,
163 1254 236 1311 quae
259 1243 328 1294 ante
355 1236 549 1310 deliquerant,
562 1236 670 1294 exsilio
690 1246 741 1297 aut
763 1244 854 1296 morte
868 1238 970 1295 multa·

93 1341 208 1394 rentur.
260 1337 387 1392 Secutae
420 1335 531 1393 dehinc
556 1336 675 1417 Tiberii
702 1338 815 1394 litterae
840 1337 871 1395 in
898 1337 969 1395 Sex.

94 1433 270 1501 Vestilinm,
290 1433 480 1502 Praetorium,
494 1452 588 1509 quem
604 1437 700 1493 Druso
713 1435 793 1494 tratri
812 1453 970 1510 percarum,

95 1533 132 1591 in
159 1532 309 1591 cohortem
336 1551 419 1591 suam
446 1537 640 1592 transtulerat.
673 1554 777 1594 caussa
802 1537 970 1596 offensionis

95 1632 231 1689 Vestilio
251 1631 314 1698 luit,
335 1650 387 1689 seu
410 1641 611 1704 composuerat
635 1637 776 1710 quaedam
791 1635 822 1694 in
837 1636 874 1694 O.
895 1635 970 1693 an-

94 1748 205 1797 sarem,
229 1737 260 1788 ut
287 1730 466 1804 inpudicum,
490 1731 554 1789 sire
573 1733 758 1791 fictohabita
773 1735 854 1791 fides.
882 1740 969 1810 alque

94 1832 137 1888 ob
153 1830 183 1887 id
196 1819 336 1887 convictu
351 1830 497 1903 Principis
518 1831 687 1904 prohibitus,
700 1850 768 1890 cum
781 1833 867 1890 senili
881 1851 972 1891 manu

93 1929 205 1986 t'errum
219 1929 402 1996 tentavisset,
416 1929 559 2006 obligavit
574 1948 683 1987 venas:
705 1937 894 2004 precatusque
919 1949 969 2004 per

95 2026 264 2093 codicillos,
288 2026 387 2085 inmiti
410 2028 560 2102 rescripto,
585 2046 678 2085 venas
701 2030 831 2085 resolvit.
880 2031 970 2086 Acer·

96 2125 195 2182 vatim
208 2142 247 2182 ex
266 2143 303 2182 eo
327 2126 444 2184 Annius
459 2127 564 2194 Pollio,
580 2127 697 2199 Appius
709 2127 835 2194 Silanus,
860 2127 974 2187 Scauro

97 2222 253 2282 Mamerco
266 2224 351 2281 simul
366 2242 401 2281 ac
417 2225 528 2283 Sabino
542 2225 685 2292 Calvisio,
700 2225 861 2282 maiestatis
877 2233 971 2298 postu·

95 2325 205 2390 lantur,
218 2330 248 2380 et
262 2320 440 2381 Vinicianus
451 2323 578 2381 Pollioni
593 2324 667 2397 patri
685 2323 885 2391 adiiciebatur,
898 2325 972 2382 clari

46 2459 49 2464 -
96 2415 245 2496 genus‘et
259 2421 375 2494 quidam
396 2423 514 2479 summis
537 2423 705 2481 honoribus.
726 2428 973 2483 contremuerant-

96 2538 157 2596 que
171 2520 290 2578 Patres:
314 2538 382 2578 nam
394 2524 627 2598 quotusquisque
652 2522 811 2581 adfinitatis
825 2529 875 2581 aut
901 2523 971 2583 ami·

97 2619 191 2678 citiae
208 2625 251 2677 tot
272 2620 433 2677 inlustrium·
446 2620 571 2679 virorum
584 2640 689 2696 expers
702 2620 789 2681 erat?
807 2623 837 2681 ui
857 2623 972 2692 Celsus,

97 2719 228 2776 urbanae
243 2719 371 2777 cohortis
383 2719 542 2788 Tribunus,
556 2727 616 2779 tum
639 2722 715 2779 inter
742 2722 863 2792 indices,
880 2723 971 2797 Appi·

96 2832 149 2874 um
162 2822 193 2875 et
206 2818 371 2876 Calvisium
385 2817 547 2876 discrimini
561 2821 728 2878 exemisset.
771 2822 881 2879 Caesar
904 2821 970 2879 Pol·

98 2915 188 2973 liouis
202 2933 237 2973 ac
253 2916 406 2974 Viniciani
429 2917 586 2993 Scaurique
608 2938 750 2984 caussam,
771 2929 802 2976 ut
826 2921 888 2992 ipse
902 2936 971 2977 cuns

101 3015 215 3073 Senatu
240 3021 384 3082 nosceret,
408 3017 529 3085 distulit,
552 3018 629 3076 datis
652 3018 820 3094 quibusdam
835 3019 865 3073 in
882 3018 971 3074 Scau·

99 3114 164 3173 rum
186 3115 314 3172 tristibus
342 3113 428 3172 notis.
470 3115 518 3174 Ne
544 3116 670 3174 feminae
695 3115 812 3189 quictem
839 3120 969 3173 exsortes
982 3122 1025 3181 lo

98 3212 232 3288 periculi.
253 3213 317 3288 qua
336 3216 525 3290 occupandae
551 3214 685 3286 Reipubl.
706 3211 787 3285 argui
811 3229 869 3268 non
891 3217 969 3284 pote·

95 3317 171 3379 rant,
191 3309 226 3368 oi
239 3303 619 3383 laniarim'incusabantur:
641 3314 803 3384 necataque
827 3316 872 3367 est
897 3326 970 3369 anus

130 3465 281 3515 Oilucsimus
296 3467 469 3529 incusabantur]
501 3467 561 3522 Han,
580 3465 662 3515 musra
678 3461 778 3510 conditio
794 3462 835 3513 snb
852 3463 970 3522 tyrannis:

97 3522 137 3570 nbi
148 3525 263 3577 aecliber,
279 3523 405 3573 liberrimus
421 3530 542 3574 affectuum
558 3524 631 3572 dolor.
662 3523 799 3572 Claudianus
817 3524 860 3570 troc
879 3524 974 3583 pulchre

99 3584 204 3653 esprimit
214 3583 237 3630 in
250 3586 300 3630 unt.
319 3589 339 3641 1,
355 3589 445 3634 lot).-
454 3587 559 3645 tacitiqus
572 3585 666 3642 multos
682 3582 801 3641 Suspiruut
817 3583 921 3662 pensitas,
934 3583 974 3633 iu-

100 3642 235 3700 dtgnun'pue
245 3649 359 3694 ansatur.
390 3645 454 3704 nipe

137 3739 210 3782 sos.
230 3740 254 3781 1.
569 3721 640 3784 21*
