2459 4267
64 355 96 404 a.
112 355 141 404 c.
159 359 196 405 ιι.
297 353 368 402 urs.
394 354 418 401 r.
466 353 546 404 cau.
573 330 744 403 39.-41.
895 335 939 402 37

65 510 212 585 sanguiue
225 526 279 568 suo
294 509 400 568 altaria
421 507 508 568 urum
532 507 818 568 commacularunt
858 508 941 568 Luce

63 608 196 676 demum,
211 615 361 684 postquam
374 611 435 666 (lux
458 614 490 665 et
503 608 587 666 miles
601 615 633 665 et
646 608 723 666 lacta
739 608 942 674 noscebantur,

21 755 25 764 ,
66 706 215 782 ingressus
228 715 324 766 castre
349 708 553 773 Germanicus,
567 706 687 780 pomoni
699 707 737 763 ad
751 724 783 764 se
799 707 942 764 Plancum

65 805 202 879 inruerat,
216 806 378 883 recipitque
390 807 423 865 in
446 807 583 864 tribuual.
626 803 835 883 Tumsntoletn
849 806 942 863 iucre-

66 922 141 979 peus
154 902 273 974 rabber,
294 923 380 983 nense
398 903 529 972 utilitatem
546 902 598 962 sed
618 901 698 961 eon
717 902 765 961 irc
784 920 942 980 resurgere,

63 1020 116 1062 eur
133 1005 270 1062 venerint
284 1006 383 1079 legati,
398 1005 510 1077 aperit:
530 1002 577 1060 irre
586 1001 745 1078 ᾱζαίἰοηὺ,
759 1002 941 1080 αἱςυείρείηε

64 1101 172 1159 Planci
189 1119 307 1177 grauem
323 1109 350 1160 et
368 1102 540 1161 murm
559 1117 666 1167 cesum,
687 1101 783 1168 simul,
803 1108 940 1178 quntum

65 1199 207 1260 dedente
220 1200 553 1277 odinitleginiscuude
574 1204 735 1266 miseralun
758 1203 939 1275 attonitaque

63 1300 171 1373 magis,
185 1319 271 1372 quarn
285 1300 382 1375 quieta
396 1301 552 1368 concione,
566 1303 688 1375 legulos,
701 1299 844 1372 praesidio
856 1298 938 1357 euxi-

61 1399 182 1458 liarium
205 1400 343 1471 equitum,
363 1399 494 1456 (limittit.
536 1399 582 1456 Eo
596 1399 626 1456 iu
642 1405 720 1456 melu
733 1416 852 1471 arguere
867 1399 938 1455 Ger·
949 1389 991 1447 ⁴¹⁰

61 1497 215 1558 monicum
229 1514 339 1563 omnes,
353 1499 447 1571 ‘quod
463 1515 522 1555 nou
536 1499 575 1555 arl
587 1498 765 1568 superiorem
775 1498 939 1555 exercitum

62 1598 231 1669 ‘pergeret,
245 1596 293 1652 ubi
314 1595 462 1668 obsequia,
482 1601 512 1652 el
524 1603 628 1652 contra
649 1595 766 1652 rebellio
785 1596 938 1652 auxilium.

60 1698 68 1727 ‘
85 1694 170 1752 Satis
181 1711 323 1768 superque
338 1696 477 1751 missione
490 1701 522 1752 et
536 1695 661 1766 pecunia
675 1702 705 1750 et
720 1695 855 1754 mollibus
869 1712 937 1751 con·

61 1793 169 1851 ‘sultis
197 1798 365 1865 peccatum:
389 1795 445 1858 vel,
459 1793 485 1850 si
501 1792 568 1851 vilis
583 1793 639 1865 ipsi
659 1796 746 1860 satus,
769 1810 822 1850 cur
846 1793 937 1850 filium

61 1891 251 1966 §parvulum
282 1907 336 1948 cur
371 1891 522 1963 grarblam
548 1892 713 1965 coniugem,
740 1891 817 1948 iuter
844 1892 937 1956 luren-

61 1994 145 2054 ‘tes,
174 1995 204 2046 et
234 1988 329 2047 omnis
357 1989 478 2047 humani
503 1989 573 2048 iuria
607 1990 762 2048 violatores
792 1986 937 2047 heberet?

63 2089 157 2146 ‘illos
179 2090 284 2145 sallem
306 2105 365 2145 nvo
384 2093 416 2146 et
438 2088 482 2148 rei
512 2088 648 2163 publicae
682 2086 835 2145 redderet?
875 2088 937 2145 Diu

63 2192 228 2251 cunctatus,
252 2188 476 2260 adspernautenr
499 2204 629 2254 uxorem,
643 2201 710 2244 cum
725 2192 775 2245 ‘se
790 2186 861 2241 rlivo
879 2187 937 2242 Au·

64 2290 171 2360 §gusto
184 2292 286 2352 ortem,
301 2292 394 2361 neque
418 2287 592 2359 degenerem
613 2285 652 2342 ad
666 2280 804 2358 pericuta’
819 2290 936 2340 testere·

64 2387 117 2449 ior,
132 2391 278 2456 postremo
292 2392 402 2441 uterum
416 2385 479 2442 eius
493 2392 522 2442 et
533 2399 718 2442 communem
730 2382 829 2449 lilium,
844 2384 935 2440 multo

64 2498 130 2541 cum
145 2483 222 2548 fletu,
235 2485 406 2555 complexus
421 2489 453 2540 ut
473 2484 567 2542 abiret
596 2482 729 2556 perpulit
774 2482 934 2540 incedebat

66 2581 203 2640 muliebre
228 2588 259 2639 et
285 2582 451 2639 miserabile
472 2599 588 2656 agmen,
612 2581 731 2655 profuga
753 2581 836 2638 ducis
850 2599 932 2650 uuor,

66 2682 214 2751 parvulum
232 2678 298 2737 eiuu
329 2680 420 2738 lilium
448 2697 571 2755 gerens:
606 2682 800 2738 lamentantes
821 2681 932 2740 circum

68 2777 221 2835 amicornm
235 2779 384 2853 coniuges,
403 2796 477 2853 quae
500 2779 586 2836 simul
610 2780 796 2837 trahebantur
813 2797 869 2837 uec
880 2780 932 2838 mi·

67 2892 120 2933 uus
133 2877 237 2943 tristes,
261 2876 310 2950 qui
332 2879 498 2947 annuebant.
541 2878 609 2934 Non
635 2877 762 2934 florentis
788 2879 931 2945 Caesaris,
942 2898 980 2956 41

66 2990 156 3048 neque
173 2976 234 3031 suis
247 2975 279 3032 iu
293 2975 404 3043 caetris,
418 2978 469 3032 sed
492 2977 570 3033 velut
585 2975 616 3033 in
632 2978 701 3033 urbe
721 2976 811 3043 victo,
831 2976 932 3045 iacies,

69 3072 244 3148 gemitusque
257 3091 293 3130 nc
319 3076 462 3147 planctus,
484 3076 574 3132 etiem
589 3075 713 3132 militum
727 3094 810 3132 eures
824 3093 931 3149 oraque

64 3170 219 3228 adverlere.
261 3172 486 3246 Progretiuntur
499 3174 714 3231 contuberniis:
735 3170 859 3248 quisine
875 3172 931 3250 fle·

67 3264 250 3327 bibsam?
265 3269 413 3347 quodiana
432 3268 930 3349 tristelfemincsinlnelree-ncn

94 3461 184 3531 Altaria
199 3464 282 3526 Derim]
324 3467 379 3514 flunt
394 3480 455 3517 arae.
466 3468 491 3511 ul
500 3465 586 3525 opinor,
606 3480 665 3526 quae
681 3465 704 3512 iu
720 3463 836 3534 Principiis
851 3466 930 3515 lrouori

67 3520 196 3580 Aqurlanrm
213 3526 385 3572 cicestrensium
397 3526 498 3573 Deorum
516 3534 592 3570 erant:
609 3527 641 3571 ite
694 3541 707 3570 e
725 3523 858 3586 Principum,
875 3542 929 3597 quo·

67 3593 116 3627 rum
126 3579 316 3643 engerranno.
346 3585 406 3633 Vide
415 3583 530 3634 Militiam
540 3540 695 3642 uostreuffl.
705 3589 728 3632 5.
739 3583 800 3632 Dial.
812 3589 834 3634 t.
865 3586 927 3644 Line.

108 3676 180 3717 roo.
199 3680 219 3719 r.
535 3668 552 3720 l
