2459 4267
270 296 343 367 atu
619 314 803 363 aurearum
865 386 873 399 ·
996 317 1024 363 a.
1039 314 1069 362 v.
1089 318 1153 369 aon

216 479 343 552 21¹que
362 469 482 545 integris
505 469 638 545 adquiri?
678 469 818 553 Traditus
842 471 906 542 post
930 468 1006 525 haee
1027 467 1154 525 Mithri·
1225 452 1226 489 ¹

269 572 363 640 dates,
378 580 535 646 reatusque
557 572 682 629 Romam
702 587 753 644 per
773 569 888 627 iunium
903 569 1052 634 cilonem,
1074 567 1153 624 Pro-

270 679 431 733 curatorem
444 670 542 739 Ponti,
559 671 695 737 ieroaius,
711 686 795 745 quam
816 689 867 744 pro
881 671 1005 736 fortuna,
1018 669 1151 725 disseru-

271 773 328 830 isse
342 773 418 845 apud
432 772 589 829 Caesarem
603 770 756 826 serebatur.
797 770 941 843 Elataque
956 785 1017 824 vox
1031 768 1098 824 eius
1114 767 1151 823 ia

271 875 388 944 vulgum
404 870 484 927 hisae
499 869 613 926 verbis:
642 873 722 926 ‘uon
740 885 806 925 sum
827 868 961 925 remissus
976 868 1013 924 ad
1029 873 1073 934 te,
1092 867 1151 923 sed

270 977 278 1003 ‘
289 988 420 1027 reversus
432 990 439 1024 :
463 971 520 1035 vel,
530 968 556 1024 si
567 986 626 1026 nou
637 967 743 1035 aredis,
754 968 908 1024 dimitteret
920 964 1049 1042 quaere‘
1060 967 1151 1022 vultu

269 1085 381 1143 quoque
402 1067 535 1125 interrito
553 1068 720 1140 permansit,
741 1084 809 1123 cum
829 1074 920 1123 rostra
940 1066 1033 1132 iuxta,
1047 1069 1151 1122 eusto-
1196 1096 1201 1102 ·

270 1168 353 1225 dibus
363 1166 568 1232 circumdatus,
583 1165 659 1223 visui
674 1168 780 1238 populo
794 1167 988 1238 praeberetur.
1030 1165 1152 1221 Consu·

271 1266 344 1325 laria
358 1266 484 1342 iusignia
499 1265 608 1333 Ciloni,
631 1265 755 1339 Aquilae
773 1264 923 1321 Praetoria
937 1266 1151 1321 decernuntur.

217 1391 261 1449 22
312 1366 421 1424 lisdem
443 1366 628 1430 Consulibus,
648 1371 731 1421 atrox
753 1361 814 1419 odii
829 1363 1003 1436 Agrippina,
1017 1380 1054 1419 ae
1076 1364 1150 1420 Lol·

270 1465 328 1523 liae
349 1464 472 1527 infensa,
492 1464 568 1537 quod
588 1480 688 1520 secum
715 1464 753 1519 de
780 1461 964 1519 matrimonio
994 1460 1150 1534 Principis

257 1562 451 1651 §certavisseu
469 1561 587 1618 molitur
605 1560 730 1618 erimina
744 1567 774 1618 et
793 1569 1003 1648 aquusatorem,
1021 1562 1075 1634 qui
1095 1563 1149 1618 ola

251 1712 254 1717 .
269 1660 372 1719 iioeret
385 1659 581 1727 ‘Chaldaeae
593 1658 707 1733 Magos,
718 1659 980 1733 iuterrogatquue
992 1660 1149 1733 Apollinis

270 1759 382 1819 ‘orarii
397 1759 591 1826 simulacrum,
602 1776 688 1832 super
697 1758 805 1832 nuptiis
814 1756 1019 1832 Imperatoris)
1062 1758 1149 1816 Exin

271 1859 421 1927 claudius,
454 1858 587 1916 inaudita
620 1876 670 1915 rea
700 1859 790 1915 mulla
817 1859 853 1914 de
883 1856 1058 1914 claritudine
1081 1858 1149 1916 eius

270 1961 346 2034 apud
362 1960 502 2018 Senatum
525 1957 676 2030 praelatus,
691 1963 804 2013 ‘sorore
813 1957 848 2014 L.
864 1955 981 2013 Volusii
1000 1957 1154 2030 genitam,

272 2058 428 2115 ‘maiorem
456 2056 485 2114 ei
518 2062 648 2130 patruum
677 2054 795 2113 Cottam
830 2055 1032 2112 Messalliuum
1066 2075 1150 2127 esse,

272 2155 436 2215 ‘Memmio
450 2156 593 2230 quondam
622 2155 737 2229 Regulo
763 2160 902 2227 nuptam:
935 2172 1003 2212 uam
1031 2157 1070 2214 de
1109 2159 1148 2216 C.

272 2255 428 2314 ‘Caesaris
453 2253 562 2329 nuptiis
588 2254 723 2311 consulto
744 2253 887 2311 reticebat
901 2252 920 2310 ι’
930 2255 1043 2313 addidit
1057 2262 1066 2288 ‘
1082 2275 1150 2329 per·

273 2353 405 2411 ‘niaiosa
437 2353 468 2410 in
503 2353 606 2425 liemp.
641 2350 774 2419 consilia,
800 2357 832 2408 et
851 2354 1003 2410 materiem
1031 2355 1151 2412 sceleri

272 2453 507 2510 ‘detrahendam
554 2450 653 2516 Proin,
693 2450 848 2524 publicatis
889 2451 982 2518 bouis,
1023 2454 1149 2511 eederet

271 2548 395 2607 ‘ltalia‘
455 2550 501 2607 lla
534 2549 724 2624 quinquagies
756 2548 932 2617 sestertium,
965 2569 1003 2607 ex
1038 2551 1152 2624 opibus

271 2645 421 2712 inmensis,
444 2647 540 2703 exsuli
574 2647 717 2704 retiolum.
758 2648 796 2704 Et
825 2649 984 2722 Calpurnia
1011 2649 1146 2707 inlustris

271 2741 378 2801 femina
406 2743 588 2816 pervertitur,
622 2746 689 2820 qaia
718 2747 838 2804 sormam
870 2748 931 2804 eius
967 2750 1145 2807 laudaverat

255 2843 420 2917 ,Priuuepa
435 2843 514 2898 nulla
534 2842 668 2911 libidine,
689 2847 741 2901 sed
764 2846 882 2902 lortuilo
903 2865 1045 2904 sermone.
1066 2850 1147 2905 unde

271 2942 318 3000 uis
352 2941 532 3015 Agrippinae
564 2942 639 2999 oltra
673 2944 776 3001 ultima
809 2945 900 3002 stelit.
944 2947 979 3002 iu
1014 2946 1149 3004 Lolliam

301 3097 395 3158 laten]
427 3097 503 3144 Lollia
513 3096 618 3147 Paulliua
628 3113 693 3145 asum
704 3097 782 3144 habuit
797 3098 835 3144 M.
853 3098 959 3153 lollium,
975 3098 1153 3159 cationesarts,

271 3157 371 3218 Agrippa
386 3156 462 3214 geniti,
479 3159 586 3212 juventae
596 3158 767 3209 moderatorem,
788 3161 811 3202 et
830 3171 905 3214 regum
922 3158 1050 3203 muneribus
1062 3160 1083 3204 iu
1094 3166 1149 3206 tota

270 3218 365 3263 Oriente
385 3218 528 3263 intematum:
554 3230 611 3262 usur
632 3215 683 3260 llaii
704 3215 827 3273 Caligulae,
847 3217 885 3276 qui
903 3216 965 3262 illam
982 3217 1009 3262 C.
1033 3218 1149 3265 Mamurio

270 3275 360 3334 Regulo
380 3275 452 3335 rapuit
472 3280 495 3319 et
514 3275 596 3321 deiude
610 3273 743 3334 repudiavit.
784 3275 869 3319 Plinius
884 3281 989 3332 testatur,
1009 3291 1033 3321 se
1054 3292 1104 3321 eam
1117 3279 1151 3323 vi-

270 3335 335 3385 disse,
343 3348 371 3379 ne
379 3335 435 3382 serio
445 3334 541 3392 quidem,
549 3337 589 3379 aut
599 3333 691 3381 solemni
700 3333 886 3379 caerimoniarum
896 3334 971 3392 aliqua
980 3340 1098 3391 apparatu,
1111 3338 1151 3383 red

269 3393 416 3439 mediocrium
426 3393 493 3437 eliam
501 3394 638 3449 sponsalium
647 3406 708 3441 cena.
719 3391 843 3448 snmragds’s
857 3393 1030 3451 margaritisque
1041 3399 1150 3451 opertam,

268 3453 353 3496 alterno
364 3456 424 3497 lealu
436 3451 590 3507 fulgentibus,
602 3455 642 3496 talo
658 3451 734 3505 eapite.
746 3450 854 3503 crinibus,
871 3453 939 3505 spira,
956 3452 1062 3505 auribus,
1082 3454 1147 3511 eollo,

268 3511 395 3563 monilibus,
406 3510 532 3569 digitisque,
540 3525 595 3568 quae
611 3524 696 3554 namma
706 3508 887 3566 quadringenties
894 3508 927 3554 H.
934 3509 958 3554 S.
969 3508 1075 3555 Gallicae
1085 3526 1149 3557 mon·

267 3572 319 3610 etue
328 3567 377 3612 Lib.
389 3570 506 3621 artrusio
525 3569 644 3626 colligebat.
663 3569 713 3612 Nee
723 3569 781 3612 dous
791 3568 877 3626 prodigi
885 3568 991 3628 principis
1000 3568 1097 3625 fueraut,
1106 3572 1147 3625 sed

266 3623 342 3670 auitae
360 3640 420 3693 opes.
436 3627 601 3692 provinciarum
611 3627 697 3671 seilicet
716 3626 793 3686 spoliis
808 3633 895 3685 partae.
915 3627 966 3672 Ptin
987 3626 1028 3673 lX.
1039 3631 1076 3674 3⁵.
1088 3629 1097 3687 l
1107 3633 1147 3681 ii,

267 3682 364 3727 Suetou:
376 3698 398 3727 rn
409 3682 461 3728 Cars
472 3683 548 3734 XXV.
579 3685 707 3738 Brotrriur.
