2459 4267
279 281 351 352 128
600 293 786 360 mnsnrru
1004 304 1035 351 n
1052 303 1084 350 v.
1099 306 1149 351 rra

276 456 396 514 feralem
415 470 515 512 urnam
535 457 649 522 tenens,
667 471 786 531 egresse
808 456 891 523 nari,
910 454 1019 513 defixit
1038 458 1151 528 oorsms,

275 553 356 611 idem
369 553 498 612 omnium
511 554 635 628 gemitus
648 574 655 610 ε
676 572 770 629 neque
783 553 975 620 discerneres,
990 554 1152 626 proximos,

277 653 399 719 slienos,
424 654 548 710 virorum
571 653 781 712 feminarumve
805 655 958 723 planctus:
992 653 1052 710 uisi
1073 650 1150 725 qucsl

277 753 446 812 comitatum
465 751 653 825 Agrippinae,
674 753 760 826 longo
781 767 909 807 moerore
926 750 1050 816 lessum,
1069 748 1151 806 obvii

249 845 308 907 uer
329 831 460 910 recentes
480 850 511 907 in
525 851 625 907 dolore
638 850 800 908 anteibant.
842 848 967 906 Miserat
981 851 1056 906 duas
1070 864 1152 921 prae·

278 951 366 1006 torius
379 950 511 1006 cobortes
526 949 644 1014 Caesar,
664 948 773 1011 addito,
797 952 849 1003 ‘ut
862 947 1051 1019 magistratus
1065 946 1150 1004 Cais-

277 1047 376 1103 ‘briae
390 1045 534 1118 Apulique
548 1051 578 1102 et
589 1045 734 1118 Campani
748 1061 881 1118 suprema
894 1062 964 1117 erga
978 1043 1151 1102 memoriam

278 1144 348 1201 ‘filii
368 1144 413 1200 soi
433 1160 553 1201 munera
575 1143 781 1218 iungerentur?
825 1144 917 1218 igitur
938 1143 1153 1207 Tribunoruns.

279 1240 544 1315 centurionumque
558 1241 685 1299 humeris
704 1241 820 1300 cineres
839 1243 1032 1314 portabuntur
1042 1260 1060 1298 ι4
1072 1257 1151 1313 prse-

277 1340 422 1397 cedebaot
446 1339 594 1410 incompto
617 1339 711 1411 sigua,
738 1339 816 1396 versi
838 1338 950 1398 lascesr
975 1347 1077 1414 atque,
1100 1335 1150 1395 ubi

279 1437 410 1495 colonus
442 1439 717 1511 transgrederentur,
749 1443 844 1496 atrsts
877 1439 991 1510 plebes,
1025 1422 1147 1495 usbesti

279 1535 410 1609 Equites,
429 1551 488 1607 pro
512 1534 615 1607 opibus
643 1535 711 1602 loci,
739 1543 862 1601 uestem,
888 1537 1006 1601 odmen,
1034 1535 1147 1608 aliaque

277 1632 409 1691 lunerum
424 1632 567 1699 solennis,
585 1635 764 1692 cremabant.
785 1634 874 1691 eliam
893 1651 1017 1707 quorum
1031 1634 1147 1690 diversa

278 1731 394 1804 oppida,
418 1737 516 1789 tamen
542 1731 634 1798 obvii,
661 1737 691 1788 et
719 1730 855 1789 victimas
881 1737 968 1806 atque
991 1749 1057 1790 ares
1081 1728 1146 1790 ulls

280 1826 418 1886 Manibus
443 1833 614 1896 statuentes,
648 1829 774 1887 lacrimis
805 1835 836 1887 et
862 1809 1146 1888 conclamationibus

280 1926 408 1984 dolorem
422 1930 610 1985 testabantur.
652 1927 762 1984 Drusus
774 1927 966 1984 'l'arrscinem
981 1938 1146 2002 progressus

281 2031 326 2083 est
339 2042 407 2084 curn
424 2021 549 2084 Claudio
566 2024 653 2082 lrntre
674 2026 828 2099 liberisque
849 2026 1032 2093 Germanici,
1045 2024 1094 2098 qui
1111 2022 1144 2079 in

282 2125 352 2180 urbe
364 2123 488 2182 luerunt.
528 2125 681 2193 Consules,
704 2124 745 2182 ll.
761 2124 896 2182 Valerius
909 2131 941 2181 el
957 2125 993 2183 0.
1011 2120 1145 2183 Aurelius

282 2217 354 2297 (iam
374 2223 453 2300 enisu
474 2222 670 2297 magistratum
690 2220 898 2298 occoeperant)
916 2229 948 2279 el
969 2223 1096 2280 Senatus
1108 2229 1144 2274 ac

281 2334 387 2393 magna
408 2338 472 2392 pers
492 2322 588 2392 populi
609 2322 687 2379 riam
702 2323 901 2392 complevere,
920 2317 1143 2385 dialecticum

281 2417 386 2490 cuique
399 2418 523 2483 libitum,
536 2419 648 2476 flentes.
662 2420 762 2476 aberat
774 2418 881 2493 quippe
894 2418 1034 2484 adulatio,
1047 2412 1142 2491 gnaris

281 2516 424 2574 omnibus,
451 2517 557 2573 laetam
585 2516 710 2574 'l'iberio
737 2516 906 2574 Germanici
927 2523 1050 2574 mortem
1068 2511 1141 2572 mule

253 2610 464 2672 sdissimulari.
505 2612 643 2669 Tiberius
662 2621 748 2688 alque
770 2616 902 2689 Augusto
922 2615 1041 2687 publico
1058 2605 1144 2668 absti-

281 2724 380 2772 nuere,
393 2708 511 2765 inlerius
531 2709 683 2767 maiestate
696 2729 749 2769 sua
769 2712 833 2780 rati,
852 2713 876 2770 si
897 2715 993 2786 pelam
1006 2710 1140 2769 lamentu-

281 2813 388 2872 rentur,
401 2824 449 2872 au,
462 2825 509 2865 ne.
524 2810 654 2866 omnium
668 2811 762 2867 oculis
777 2812 890 2868 vultum
903 2826 1002 2867 eorum
1016 2813 1139 2872 scrutan

281 2905 366 2970 libus,
390 2905 455 2962 tarsi
476 2906 715 2979 intelligerentur.
758 2907 883 2966 Matrem
904 2908 1138 2967 Antonianum

282 3005 358 3078 apud
379 3011 509 3062 auctores
529 3023 632 3070 rerum,
647 3023 704 3063 noo
724 3006 827 3065 diurna
847 3013 976 3066 octcrurn
994 3007 1138 3078 scriptun,

283 3103 405 3176 reperio,
431 3105 492 3160 ullo
516 3102 623 3176 insigni
651 3104 748 3161 officio
773 3083 923 3175 lunelans3
957 3122 1032 3172 cum,
1057 3110 1164 3172 supcr‘

224 3189 229 3197 ’
285 3202 477 3277 Agrippinam
496 3208 528 3259 et
548 3202 673 3259 Drusum
691 3210 723 3259 et
744 3202 908 3271 Claudium,
926 3203 1018 3261 ceteri
1031 3207 1136 3276 quoqut

282 3300 492 3374 consanguinei
511 3301 683 3358 nominatim
704 3301 854 3374 perscripti
868 3302 942 3358 sint:
966 3317 1017 3358 seu
1032 3298 1137 3356 valeta·

283 3398 352 3455 dine
367 3399 611 3470 praepediebatur,
632 3416 683 3455 seu
699 3400 793 3457 victus
813 3401 891 3457 luctu
908 3398 1019 3457 animus
1034 3389 1135 3468 magui·
1188 3447 1195 3484 Ι

264 3495 414 3555 tudinem
435 3497 505 3555 mali
527 3497 652 3573 perterre
671 3497 737 3558 risu
758 3514 817 3558 non
838 3498 1014 3560 toleraverit.
1027 3490 1136 3556 tullius
