2459 4267
97 370 130 422 n
147 373 175 422 c.
190 376 228 421 rr.
361 371 430 419 nm.
457 360 505 421 rtt.
560 304 776 420 carrd-6.
900 350 975 423 270

69 520 71 522 ’
96 526 142 585 eit
167 523 309 584 Vitellius
322 525 490 584 sestertium
512 526 614 585 decies
641 527 777 598 Sosibio3
798 529 897 603 ‘qued
910 528 975 588 Bri-

98 624 274 683 ‘tsnnicnm
296 626 470 699 praeceptis,
497 626 655 685 claudium
676 628 818 694 consitiis,
840 627 975 686 iuraret?

99 722 233 799 Rogatus
253 724 431 781 sententiam
453 729 484 781 et
507 724 627 798 Scipio:
647 725 846 794 ‘cumidem’
870 727 974 802 inquit,

98 824 159 881 ‘de
182 823 317 881 admiesiu
341 823 497 897 Poppaeae
520 825 656 892 sentiam,
683 827 759 900 quod
786 842 898 895 omnes,
926 842 974 899 pu·

98 925 193 990 ‘tuta
213 939 259 981 me
281 922 360 980 idem
383 923 493 990 dicere,
514 924 590 998 quod
609 940 730 982 omnes:
751 924 883 999 eleganti
904 931 975 982 tem·

99 1026 272 1095 puramente
304 1021 383 1079 iuter
406 1022 593 1095 coniugalem
621 1036 758 1090 amorem,
791 1029 822 1081 et
851 1025 973 1081 Senato-

98 1120 173 1193 rium
202 1121 418 1178 necessitatem.
459 1121 625 1178 Continuus
651 1121 721 1179 iude
743 1127 775 1179 et
797 1139 903 1179 suevus
925 1115 1003 1180 rue-5

99 1219 240 1277 nouandis
261 1219 317 1276 reis
340 1219 461 1285 Sattiae,
484 1218 625 1292 multique
647 1219 787 1276 audactae
800 1221 863 1277 eius
877 1238 973 1278 aemu-

99 1319 131 1376 ii.
153 1323 341 1375 namouneta
366 1321 464 1392 tegunt
481 1322 515 1375 et
540 1316 764 1390 Magistratuuru
782 1319 880 1375 munia
896 1320 926 1376 in
940 1332 972 1376 se

99 1417 218 1473 trahens
245 1416 387 1488 Princeps
414 1417 567 1473 muterium
595 1417 754 1489 praedandi
784 1418 971 1490 patefecerat.

97 1531 157 1573 nec
189 1514 345 1589 quidquam
379 1514 513 1587 pubiicue
539 1515 645 1572 mercis
679 1520 739 1573 tam
768 1518 874 1574 venata
908 1517 972 1584 tuit,

96 1620 185 1688 quun'u
212 1615 422 1670 advocatorum
448 1614 584 1686 perfidis:
611 1616 696 1684 adeo,
721 1620 752 1672 ut
780 1617 904 1685 Sumtus,
928 1616 971 1672 irs·

97 1712 324 1793 tignisriiques
359 1712 516 1779 Romanus,
542 1714 762 1787 quadringentis
789 1730 971 1772 nummorum

97 1784 228 1868 miiiibus
262 1811 358 1868 Suiiio
388 1811 474 1877 datis,
500 1815 531 1867 et
558 1811 678 1885 cognita
710 1813 971 1885 praevaricatione,

95 1910 172 1967 tarro
199 1909 231 1967 in
252 1909 340 1965 domo
361 1909 425 1965 eius
448 1909 622 1966 incubuerit.
678 1910 779 1983 igitur,
807 1910 970 1983 incipiente

96 2009 133 2066 (ἢ
156 2006 241 2075 Silio,
272 2008 402 2065 (iouente
428 2007 592 2081 designato,
612 2008 696 2065 cuius
719 2009 758 2065 de
780 2009 912 2081 potentia
938 2004 971 2067 et

96 2107 192 2165 existo
222 2107 255 2164 in
282 2111 411 2179 ternpore
443 2108 619 2172 memorabo,
652 2111 830 2180 consurgunt
858 2107 969 2176 Patres,

96 2208 253 2279 iegeinque
281 2205 418 2263 Gitrcinm
445 2205 593 2279 flagitorum
614 2220 671 2278 qus
697 2210 821 2262 curetur
847 2205 970 2278 antiqui·

96 2308 154 2371 tus,
174 2316 209 2360 rte
228 2302 300 2380 quis,
321 2303 355 2360 cd
368 2318 500 2360 cucusum
523 2302 669 2369 muudum,
684 2301 834 2380 pecuniam
857 2300 969 2358 doncur-

95 2420 126 2460 uc
150 2401 278 2478 wopiut.
320 2403 447 2468 Deinde,
471 2403 706 2474 obstrepentibus
730 2403 783 2466 iris,
808 2401 911 2476 quibus
932 2404 999 2460 eati

95 2502 276 2560 contumeiia
310 2503 470 2573 parcuntur,
503 2501 613 2557 discors
643 2501 738 2558 Suitio
772 2501 862 2558 Sittius
896 2499 968 2558 aori·

95 2605 142 2658 ier
155 2601 299 2667 incubuit,
323 2602 474 2656 ‘veterum
498 2606 642 2658 oratorum
665 2599 809 2674 exempiu’
831 2601 968 2669 reterens,

11 2719 15 2724 ·
94 2700 164 2774 ‘qui
178 2700 284 2756 tamam
308 2700 339 2757 in
363 2705 502 2771 posteros,
526 2700 655 2771 praemia
679 2702 864 2776 etoqueuttnc
888 2706 966 2781 cogi·

94 2800 259 2856 ‘tuvtusent
283 2798 485 2871 putcherrtmrr.
506 2799 634 2872 aiioquin
656 2806 687 2857 et
710 2803 848 2861 bonorum
863 2804 968 2861 artium

94 2897 278 2971 ‘principem
312 2897 436 2953 sordidis
462 2898 631 2955 ministeriis
659 2900 777 2957 foedari.
813 2918 850 2958 ne
878 2903 966 2959 iidem

93 2998 231 3073 ‘quidem
265 2995 407 3070 integram
440 2982 580 3064 muneres
594 2997 644 3055 uiri
677 2999 847 3070 magnitudo
880 3016 965 3073 quee-

121 3170 233 3229 nugatur·
246 3171 422 3231 summense]
453 3170 544 3216 Etenim
561 3170 617 3215 haee
636 3169 665 3215 du
691 3168 748 3214 icem
765 3182 852 3216 sensum
872 3169 963 3219 hubent.

91 3230 188 3275 uiterurn
199 3230 289 3287 dignum
308 3243 385 3275 arnore
402 3228 528 3287 coniugati:
546 3242 611 3273 nemo
621 3241 658 3272 ere
674 3227 693 3271 it
702 3242 756 3273 veru
767 3242 822 3279 esse,
833 3242 891 3288 qnae
907 3228 940 3274 Po
957 3257 964 3266 ·

93 3303 165 3348 pneae
176 3288 267 3334 obtecta
276 3294 334 3341 sunt,
345 3303 412 3334 uerno
424 3289 506 3350 probat
515 3287 607 3340 iactum,
624 3300 665 3331 nee
683 3298 739 3342 ego:
755 3286 851 3332 alterurn
866 3245 966 3346 pertento

92 3348 188 3393 vitando
196 3356 289 3408 aptum:
306 3348 381 3402 oredo,
390 3362 448 3407 quae
456 3347 545 3393 obiectu
554 3350 612 3399 sunt,
623 3350 645 3390 et
656 3344 742 3398 eudem.
759 3359 816 3405 quur
832 3346 901 3401 poteri
912 3347 966 3393 Sen-

91 3410 174 3455 atores.
185 3407 290 3451 decerno.
332 3405 453 3464 Elegantia
468 3412 543 3452 autem
553 3413 587 3450 est
597 3404 620 3450 tn
636 3417 672 3456 eo,
689 3403 748 3463 quod
759 3402 842 3462 figura
853 3410 887 3450 ert
897 3404 920 3450 in
930 3405 965 3453 triu

93 3465 175 3519 uerbis,
195 3472 222 3511 nt
241 3465 360 3511 Suetonius
377 3480 458 3511 vocare
476 3465 543 3519 solet,
561 3478 588 3509 ea
619 3478 632 3507 e
657 3462 779 3521 prudenter
799 3462 917 3524 adhitira;
942 3463 965 3512 trs

92 3537 136 3584 quo
146 3524 195 3584 ipso
204 3529 238 3569 est
248 3524 369 3580 elegantia.
380 3524 463 3569 tirones
475 3524 568 3569 rideant
577 3523 595 3569 C
607 3535 672 3567 averu
682 3521 755 3568 Cicer.
767 3521 790 3568 iu
801 3522 824 3568 h.
835 3537 856 3568 v.

118 3601 298 3660 Quadringentis
306 3616 452 3648 nummorum
460 3601 570 3664 mittiue]
602 3601 713 3649 Monetas
722 3600 783 3654 (luti
794 3602 873 3649 77812

122 3679 258 3743 nemun]
289 3681 379 3728 Video.
395 3683 463 3728 ruet
481 3684 516 3727 35.
