2459 4267
39 345 80 391 a.
99 340 134 389 c.
153 340 191 388 aa.
308 340 379 388 nie.
396 338 445 389 vr.
486 338 566 388 cna.
584 320 754 390 30.-32.
864 324 942 394 259
1061 314 1064 321 ’

92 494 138 553 O.
170 493 287 562 Cestio,
315 494 358 552 M.
374 495 503 553 Servilio
529 514 613 562 coss.
641 497 754 556 nobiles
781 498 885 557 Parthi
907 501 938 561 iu
948 506 988 566 31

44 597 168 652 urbem
205 611 322 651 venere.
350 594 453 669 ignaro
485 614 554 670 rege
580 595 744 656 Artabane.
794 599 833 664 lu,
859 606 940 658 metu
989 626 995 638 ·

47 693 242 757 Germanici
267 695 340 752 fidus
365 695 515 764 Romanis,
542 698 703 772 aequabitis
723 699 755 757 in
775 716 850 765 suos,
869 719 940 760 mox

46 794 234 866 superbiam
254 794 285 851 in
307 811 368 861 nna,
393 795 549 852 saevitiam
573 796 605 853 in
630 800 782 871 popuiares
800 801 942 873 sumpsit3

46 894 155 950 fretus
171 894 266 956 battis,
275 911 349 968 qnae
363 895 493 951 secunda
506 897 660 954 adversum
674 898 878 957 circumiectas
893 915 942 958 na·

46 994 164 1052 tiones
179 997 361 1059 exercuerat,
374 999 404 1049 et
419 999 601 1052 senectutem
610 995 736 1061 Tiberii,
745 1003 775 1054 ut
789 999 941 1068 inermem,

48 1091 245 1166 despiciens,
262 1091 422 1166 avidusque
440 1095 608 1162 Armeniae,
628 1095 686 1162 cui,
705 1098 843 1156 defuneto
858 1100 941 1174 Rege

49 1190 207 1257 Artaxia,
228 1192 378 1258 'duacen
409 1190 567 1250 liberorum
599 1212 715 1252 sucrum
743 1198 941 1266 veterrinnrm,

50 1289 209 1364 inposuit,
231 1289 331 1347 addita
358 1290 548 1356 contumelia,
569 1297 600 1349 et
627 1293 733 1359 missis,
757 1295 805 1369 qui
826 1311 941 1370 gutuera,

53 1402 77 1446 a
120 1386 241 1468 Venena
272 1386 400 1446 relictam
431 1388 463 1446 in
495 1389 582 1467 Syrie
613 1389 777 1469 Ciliciaque,
810 1411 942 1466 reposce

54 1491 144 1556 rent,
172 1486 258 1544 simut
291 1480 393 1545 netem
426 1488 583 1546 Persarum
610 1507 646 1548 ce
677 1490 862 1550 Macedonum
888 1500 941 1552 ter·

55 1585 171 1654 minue,
204 1604 292 1661 seque
335 1586 516 1645 inuasurum>
535 1604 667 1662 peameca
699 1590 784 1669 Cyro,
816 1599 843 1650 et
878 1600 942 1671 pont

57 1682 242 1752 Alexandro,
281 1702 332 1758 per
367 1687 616 1761 vaniloquentiam
651 1704 687 1747 ac
721 1692 816 1749 minas
854 1692 943 1750 iacie-

58 1787 129 1843 nat.
174 1785 234 1865 Sed
252 1784 367 1850 Parthis
389 1786 524 1843 mittendi
546 1794 675 1844 secretus
694 1788 810 1846 nunties
826 1791 942 1849 validis·

59 1885 161 1943 simus
180 1890 281 1940 auctor
301 1883 356 1941 init
370 1884 532 1950 Sinnaces,
553 1886 664 1961 insigni
685 1887 806 1953 inmitia,
824 1905 860 1945 ae
882 1907 943 1962 per·

60 1985 142 2042 inde
169 1982 282 2055 opibus,
315 1989 346 2040 et
374 1984 521 2056 proximus
551 1985 620 2042 huic
649 1986 760 2052 Abdus,
787 1973 961 2060 ademptae.

30 2112 34 2117 ·
59 2081 230 2140 viriditatis.
256 2097 315 2138 uun
338 2083 509 2155 despectum
535 2082 566 2140 id
592 2083 669 2155 apud
692 2084 836 2150 barbares,
856 2086 942 2143 ultre

59 2198 125 2257 que
150 2179 312 2251 potentiam
334 2169 432 2237 habet.
473 2181 509 2246 li,
531 2181 652 2239 adscitis
674 2186 705 2239 et
725 2182 791 2239 aliis
815 2182 943 2256 primeri-

62 2283 133 2345 bus,
147 2250 378 2353 quianerainem
399 2279 495 2353 gentis
522 2280 729 2339 Arsacidarum
750 2298 879 2339 summae
899 2283 942 2341 rei

62 2380 215 2452 inponere
243 2383 385 2451 poterant,
406 2378 569 2437 interiectis
591 2382 629 2436 ab
665 2381 817 2440 Artabano
843 2380 942 2456 pieria·

63 2495 127 2552 que
151 2481 204 2533 aut
224 2476 352 2534 nendum
379 2477 495 2543 adultis,
520 2478 699 2546 Phradatem
732 2480 824 2555 Regis
854 2482 942 2539 Phra·

63 2572 149 2630 hatis
174 2571 275 2640 fitium,
295 2573 389 2631 Roma
412 2577 589 2646 qrmeebant:
609 2577 763 2636 ‘Nomine
785 2584 897 2638 tantum
912 2582 943 2639 et

64 2677 73 2705 ‘
89 2677 215 2728 anctore
228 2687 309 2744 epus,
322 2677 354 2728 ut
366 2678 471 2744 sponte
485 2673 631 2743 Caesaris,
652 2681 683 2734 ut
696 2695 787 2752 genus
813 2678 943 2749 Arsacis,

63 2771 188 2843 ‘ripam
205 2771 281 2843 apud
295 2770 452 2842 Euphratis
476 2774 663 2832 cerneretur!
683 2777 823 2851 Cupitum
837 2778 867 2837 id
889 2779 942 2837 Ti·
953 2788 997 2848 32
1089 2771 1093 2776 ’

66 2868 165 2926 herio.
196 2874 279 2926 ornat
307 2868 484 2938 paraneten,
514 2873 701 2948 accingitque
735 2884 885 2948 paternum
906 2878 944 2933 ad

65 2966 238 3039 fastigium:
266 2967 413 3024 destinata
443 2968 581 3038 retinens,
601 2972 732 3029 consitiis
754 2978 783 3029 et
814 2978 876 3029 astu
899 2991 945 3029 res

67 3070 212 3124 externas
232 3065 336 3131 moliri,
357 3082 437 3123 arma
457 3070 556 3140 procui
577 3069 695 3126 habere.
737 3070 864 3133 interea,
878 3086 945 3142 cog·

66 3164 142 3222 nitis
162 3163 287 3231 insidiis,
318 3164 486 3223 Artabanus
517 3166 625 3223 tardari
657 3172 746 3233 metu,
777 3167 864 3222 modo
897 3182 945 3222 cu·

67 3262 174 3337 pidine
189 3261 340 3320 vindictae
363 3262 558 3321 inardescere.
580 3269 611 3321 ct
637 3263 765 3321 barbaris
786 3262 946 3332 cunetatio,

66 3360 207 3418 servitis:
241 3361 341 3419 statim
365 3362 496 3438 exsequi,
524 3342 648 3436 Regium
676 3362 799 3420 videtur.
842 3360 946 3420 Vetuit

69 3463 172 3516 tamen
193 3457 314 3528 utititas,
344 3465 377 3517 ut
409 3461 536 3528 Abdum,
556 3461 656 3535 specie
690 3459 838 3519 amicitiae
860 3475 947 3518 voca·

70 3560 136 3614 tum
155 3557 193 3614 ad
213 3558 324 3631 epulae,
352 3559 434 3617 tento
455 3576 571 3618 veneno
600 3559 755 3638 inligaret;
795 3556 947 3625 Sinnacen
