2459 4267
52 390 188 442 aaut,
284 385 355 433 sse.
380 385 442 432 xn.
493 364 755 432 esr.35.-37.
859 366 930 432 325

50 544 149 620 ginae
163 539 345 613 Brigantum,
373 538 536 613 petivisset,
560 539 679 597 vinetus
707 555 744 595 ae
772 536 932 596 viatoribus

55 641 256 706 babitasset,
284 643 542 711 nonopostanno,
568 655 655 712 qnam
683 639 790 695 bellum
811 638 842 693 in
872 637 935 694 Bri·

58 740 167 798 tannia
181 742 328 811 coeptum.
369 737 459 794 Vnde
468 737 624 794 ismaelus
647 746 755 792 evecta
770 737 891 804 insulas,
904 741 936 793 et

58 839 213 915 proximus
235 835 403 910 provineius
424 842 591 910 pervagata,
623 853 675 907 per
686 836 803 893 ltaliam
824 838 936 911 quoque

58 939 281 1000 eelebrabatar:
302 936 487 1007 avebantque
516 935 621 1002 visere,
642 935 705 1009 quis
738 936 788 992 ille
816 941 858 992 tot
886 953 938 1007 per

59 1052 160 1094 annos
178 1052 250 1108 opes
264 1041 376 1090 nostras
393 1033 561 1105 sprevisset.
604 1035 652 1090 Ne
681 1035 792 1091 Romae
819 1033 937 1108 quidem

59 1132 196 1209 ignobile
220 1130 375 1190 Cerretani
406 1148 511 1188 nomen
546 1138 630 1188 erat:
663 1139 692 1188 et
724 1133 842 1200 Caesar,
868 1135 937 1192 dum

60 1249 152 1291 sunm
163 1233 254 1289 deam
282 1229 409 1294 extollit,
431 1228 542 1286 addidit
562 1229 685 1303 gloriam
710 1231 800 1286 vieto.
841 1232 938 1286 Voea·

63 1336 114 1389 tus
127 1330 244 1404 quippe,
255 1334 285 1385 ut
299 1329 335 1385 ad
349 1328 464 1402 insigne
479 1330 688 1400 spectaculum,
702 1331 833 1401 populus.
875 1330 939 1384 Ste-

64 1434 131 1489 tere
150 1427 184 1484 -in
212 1427 299 1484 armis
321 1426 487 1483 Praetoriae
506 1426 651 1493 eohortes,
674 1444 787 1500 eampo,
807 1428 856 1501 qui
877 1444 938 1485 eas·

65 1524 286 1599 tnapmmbmet
328 1525 418 1589 'Pana
449 1524 936 1600 incedeufibusregbsefienoeba

21 1666 31 1677 .
66 1625 208 1699 phalerae
227 1628 416 1697 torquesque3
438 1641 567 1697 quaeque
591 1625 721 1681 externis
749 1625 834 1681 bellis
854 1644 939 1699 quae-

66 1722 938 1788 mffltmwaemxmmstwmmxmfflm

66 1826 218 1895 postremo
240 1820 302 1893 ipsa
327 1825 498 1877 ostentatus.
538 1821 710 1877 Ceterorum
731 1837 832 1890 preces
855 1821 941 1894 dege·

67 1918 942 1985 mmmmmmmnmmfflmmmmwl

68 2023 111 2076 tu
132 2019 267 2082 demisso,
299 2025 349 2074 aut
380 2017 488 2082 verbis,
522 2013 749 2073 misericordiam
785 2015 941 2087 requirens.

69 2117 135 2174 Vbi
163 2115 300 2172 tribunali
319 2116 441 2183 adstitit,
461 2116 492 2171 in
507 2115 584 2171 hune
605 2116 723 2170 modurn
745 2115 856 2169 loeutus
877 2122 920 2170 est
934 2134 941 2171 ·.
952 2127 993 2190 37

71 2214 136 2279 Ἐξ,
159 2221 267 2288 quanta
296 2214 433 2272 nobilitas
453 2220 483 2270 et
518 2214 631 2293 fortune
661 2213 733 2270 mihi
765 2210 828 2279 tuit,
863 2218 945 2270 tanta

71 2319 192 2371 ‘rerum
213 2328 410 2386 prosperarum
445 2311 606 2369 moderatio
634 2311 744 2379 luisset,
765 2313 875 2368 amiens
896 2328 944 2385 po-

71 2412 154 2469 ‘tius
174 2412 206 2468 in
227 2412 303 2467 bane
323 2413 432 2477 arbem,
452 2427 538 2484 quam
558 2415 670 2481 eaptus,
705 2412 874 2468 venissem:
896 2429 944 2467 ne·

69 2516 152 2584 ‘que
171 2508 345 2582 dedignatus
365 2526 444 2566 esses
464 2507 551 2564 elaris
581 2508 737 2566 maioribus
758 2517 863 2577 ortum,
884 2512 945 2584 plu·

73 2615 82 2643 ‘
97 2608 177 2665 ribus
191 2607 325 2680 gentibus
340 2606 565 2681 imperitantem,
575 2607 691 2664 loedere
707 2610 788 2683 pacis
801 2611 945 2683 accipere.

74 2696 243 2771 ‘Praesens
261 2723 322 2763 sors
342 2722 417 2772 mea,
436 2709 468 2762 ut
488 2705 560 2761 mibi
571 2705 711 2774 informis,
732 2699 848 2766 sic'tibi
869 2729 947 2786 meg·

76 2804 189 2862 ‘nilion
219 2807 273 2861 est.
293 2803 382 2860 lrabui
416 2819 515 2877 equos,
537 2805 624 2870 viros,
660 2823 748 2875 arms,
778 2826 859 2882 opes,
878 2811 947 2884 quisi

75 2903 213 2967 ‘mirunn
234 2902 259 2958 si
279 2902 354 2959 baee
374 2901 485 2960 invitus
505 2900 613 2960 amisi?
654 2904 734 2971 Non,
769 2907 794 2962 si
816 2924 868 2962 vos
888 2923 948 2963 om·

76 3000 185 3058 ‘nibus
205 2999 374 3073 imperitare
395 3000 496 3066 vultis,
515 2999 653 3073 sequitur,
686 3007 717 3056 ut
737 3019 838 3059 omnes
858 3003 947 3059 servi·

77 3105 194 3156 ‘tutem
214 3095 385 3170 accipiant?
425 3098 458 3156 ai
479 3099 578 3155 statim
599 3098 714 3155 deditus
743 3100 879 3166 traderer,
899 3118 948 3158 ne·

76 3205 152 3274 ‘que
172 3212 240 3255 mea
270 3197 393 3264 fortuna,
425 3212 519 3272 neque
551 3201 601 3253 tua
634 3196 727 3271 gloria
756 3196 949 3267 inclaruisset,

109 3371 256 3434 Camalatrus]
289 3370 384 3429 Egregie
393 3371 489 3434 quidem.
522 3371 697 3431 Egregieetarl
716 3370 798 3429 regiam
816 3369 949 3428 dignitatem

78 3429 395 3490 invictamque'constantium
411 3431 585 3477 accommodate.
619 3430 778 3491 inexplebilem
797 3431 949 3478 Romanorum

79 3489 225 3548 cupiditatem
245 3490 317 3546 arguit
338 3489 398 3536 idern
417 3491 567 3546 Gar-aetatum
593 3488 684 3559 visoque
711 3489 771 3535 urbia
790 3490 950 3550 splendescet

80 3547 234 3607 amplitudine,
253 3547 326 3601 Itane,
346 3548 424 3610 iuquit,
443 3562 495 3595 sum
510 3548 562 3593 lrnec
579 3548 624 3594 elb
652 3549 739 3596 amour
756 3548 860 3608 moeso,
875 3554 950 3598 nestra

81 3607 195 3663 tugrsrisls
205 3607 378 3664 consupimr'tisi
391 3608 597 3667 zonaraspseo.
651 3612 692 3655 rot.

120 3703 192 3746 von.
215 3705 244 3746 1s
518 3689 555 3744 28
