2459 4267
300 341 375 413 26⁰
648 348 837 408 adeamus
945 432 957 467 Ι
1032 361 1063 408 a
1078 358 1109 406 r.
1125 359 1176 407 aaa.

298 513 533 575 dissimulatione
558 530 595 572 ae
632 514 726 583 donis,
752 515 839 573 simul
873 530 928 588 per
953 512 1093 589 negotia,
1120 528 1175 569 mo

300 625 419 676 raretur.
461 615 498 672 Et
520 615 682 672 Phrabatea
709 616 786 688 apud
812 614 939 688 Syriam,
965 615 1053 673 dum.
1072 611 1179 668 omisso
1219 656 1220 659 ,

300 719 381 779 oultu
412 716 557 781 mano,
575 714 625 773 oui
655 731 706 787 per
725 719 768 777 tot
798 730 892 771 annos
921 712 1111 776 insueverat,
1135 709 1177 765 iu·
1203 762 1210 771 .

301 813 402 885 atjtuta
436 814 606 871 Parthorum
631 813 760 880 insumit,
792 811 897 886 patriis
922 810 1060 870 moribus
1087 808 1178 880 inpar,

301 914 402 971 morbo
419 914 584 983 absumptus
598 918 652 968 est
695 911 754 969 Sed
775 927 834 987 uon
856 909 1002 967 Tiberim
1022 906 1125 965 omisit
1136 904 1177 963 iu·

300 1016 396 1083 cepta
437 1010 602 1077 Tiridaten,
617 1010 769 1085 sanguinis
792 1010 934 1076 eiusdem,
948 1011 1105 1067 aemulum
1126 1007 1175 1063 Aa·

300 1109 416 1175 labano,
429 1108 695 1184 reciperandaeque
711 1107 872 1171 Armeniae
887 1109 1007 1166 iberum
1025 1104 1179 1164 Mithrida·

299 1211 350 1265 teu
370 1206 484 1281 deligit,
501 1208 699 1283 nonnitiatque
712 1207 792 1266 tratri
812 1207 1018 1273 Pharasmani,
1040 1204 1093 1279 qul
1111 1218 1177 1276 gen·

300 1305 354 1363 tile
386 1306 547 1379 imperium
571 1306 742 1364 obtinebat:
775 1313 807 1364 et
838 1284 964 1374 eunetis,
999 1321 1082 1380 quae
1101 1298 1176 1375 apud

301 1404 454 1464 Orientem
468 1407 651 1480 parabantur,
671 1406 708 1465 L.
728 1404 887 1462 Vitellium
910 1404 1070 1477 praefecit.
1083 1417 1121 1458 eo
1138 1398 1174 1454 de

300 1504 430 1570 bomine,
450 1503 526 1561 haud
553 1522 618 1562 aum
647 1504 773 1579 ignarus,
794 1503 943 1562 sinistram
968 1502 1001 1560 iu
1030 1504 1102 1560 urbe
1136 1498 1174 1555 ia·

300 1617 387 1669 mana,
411 1603 547 1676 pleraque
570 1602 657 1660 ioeda
681 1602 855 1661 memorari:
874 1606 1019 1668 aeterum,
1039 1595 1176 1674 regendis

297 1699 461 1787 provinciis
489 1700 585 1775 prisea
606 1700 715 1759 virtute
739 1700 808 1776 egit,
847 1700 937 1758 Vnde
964 1715 1126 1776 regressus,
1143 1697 1173 1751 et

300 1798 455 1858 tormidine
481 1799 517 1859 (i.
541 1799 688 1866 Caesaris,
714 1796 911 1857 familiaritate
936 1798 1071 1866 Claudii,
1092 1803 1170 1867 turpe
1219 1824 1220 1843 2

302 1896 334 1961 in
347 1897 499 1957 servitium
513 1906 649 1962 mutatus,
659 1900 811 1971 exemplar
823 1898 900 1972 apud
921 1903 1056 1972 posteros
1077 1893 1171 1951 aduta-

303 1997 370 2057 lorii
392 1997 545 2056 dedecoris
566 1998 705 2054 hahetur:
726 2004 933 2071 cesseruntque
956 1994 1053 2070 prima
1068 1994 1169 2067 amatre

303 2096 408 2164 mis,et
428 2099 503 2154 bona
526 2096 665 2153 inventae
688 2101 827 2153 aeueotus
854 2094 999 2170 flagitiosa
1023 2092 1169 2151 oblittera·

248 2195 294 2257 83
305 2195 358 2253 vit.
402 2196 442 2254 At
456 2213 493 2253 ea
509 2195 639 2270 Regalis,
653 2194 729 2268 udor
752 2194 939 2251 Mithridates
950 2193 1169 2252 Pnammanea

302 2295 515 2369 pentulit,dolu
528 2301 559 2352 et
574 2294 605 2351 vi
626 2300 749 2351 eonatus
773 2310 841 2350 auos
865 2294 987 2351 iurare:
1005 2288 1168 2368 repertique

302 2400 482 2466 corruptores
496 2393 643 2451 ministros
667 2391 786 2451 Ananis
810 2394 901 2450 mutto
921 2408 994 2449 auro
1013 2393 1053 2451 ad
1076 2388 1167 2446 seelus

301 2500 428 2567 cogunt:
456 2493 541 2565 simul
565 2490 644 2549 lberi
669 2490 782 2567 magnis
804 2490 901 2565 copiis
932 2490 1108 2549 Armeniam
1127 2485 1166 2542 io·

302 2596 447 2661 rumpunt,
470 2596 500 2645 et
522 2591 592 2646 urbe
617 2592 761 2648 Artaxata
783 2589 939 2663 potiuntur.
989 2589 1075 2663 Quae
1096 2587 1166 2661 post·

299 2703 387 2760 quam
399 2687 552 2744 Artabano
560 2687 690 2761 cognita,
702 2687 793 2746 hlium
808 2689 923 2747 Oroden
937 2689 1066 2747 nitorem
1080 2682 1165 2760 parth
1217 2688 1218 2717 ³

302 2783 408 2856 datque
424 2784 593 2841 Parthorum
608 2785 719 2858 copias,
733 2787 832 2854 mittit,
849 2786 898 2861 qui
909 2787 1020 2845 auxilia
1034 2779 1166 2846 mercede

302 2880 441 2939 lacerent.
482 2881 592 2943 Contra
615 2883 827 2944 Pharasmanes
846 2887 1004 2960 adiungere
1029 2887 1165 2945 Albano,

302 2979 400 3040 aoeire
415 2982 577 3052 Sarmatam
600 3000 719 3059 quorum
735 2984 906 3058 Saeptuohi,
926 2983 1070 3065 utrimque
1083 2976 1164 3039 donia

302 3080 441 3154 acceptia,
454 3097 533 3139 more
546 3082 675 3157 gentico,
688 3082 805 3140 diversa
824 3082 953 3141 induere.
995 3084 1056 3140 Sed
1081 3073 1163 3140 theri,

302 3181 431 3238 locorum
446 3185 587 3252 potentes,
602 3180 711 3255 Caspia
726 3181 775 3237 via
790 3182 953 3238 Sarmatam
964 3181 995 3238 iu
1012 3175 1159 3239 armenio·
1215 3184 1216 3241 l

302 3280 407 3351 rotatim
428 3279 587 3336 effundunt.
601 3285 632 3336 at
653 3278 702 3354 qui
723 3279 839 3336 Parthis
852 3279 1061 3337 adventabant.
1081 3272 1161 3333 luciis

302 3378 494 3434 arcebantur:
527 3394 594 3435 oum
618 3369 703 3435 alios'
717 3377 848 3435 iueesaus
875 3377 972 3437 hostia
996 3374 1164 3437 claudescit

302 3547 422 3661 leffium
439 3549 547 3613 Oroden]-
577 3549 656 3600 Omnia
680 3551 736 3599 haee
753 3550 848 3600 historia
866 3550 927 3612 apud
952 3551 1072 3614 loarphum
1091 3538 1159 3604 list

1212 3774 1214 3837 t
