2459 4267
78 383 144 438 ae.
161 389 195 436 u.
280 389 351 438 nra.
377 391 400 439 r.
451 390 530 438 car.
555 371 617 439 24.
641 372 703 439 25,
721 365 781 439 26.
897 370 944 439 27

76 546 171 619 globos
198 551 374 630 armatorum
400 545 489 604 eertis
530 547 791 605 easlrorum‘loeis
821 546 947 620 opperiri

75 642 193 702 iubent:
227 644 320 702 eeteri
347 645 474 702 tribunal
497 645 612 720 ingenti
635 646 754 720 agmine
785 645 946 704 eireumse·

74 742 163 801 niunt.
227 745 333 801 Stabat
365 743 487 810 Drusus,
516 744 669 803 silentium
695 761 781 802 manu
813 760 946 818 poscens,

73 840 122 909 illi,
142 843 278 917 quotiens
290 845 392 900 oeulos
413 845 449 901 ad
474 843 692 904 multitudinem
713 845 882 908 retulerant,
896 860 946 900 uo·

74 942 152 998 cibus
183 942 357 1000 truculentis
383 929 535 1016 aberrem
564 938 686 1005 rursum
715 942 780 999 viso
807 943 945 1021 Caesare,

73 1041 233 1113 trepidare:
255 1059 381 1099 murmur
407 1041 571 1099 incertum:
591 1047 675 1099 atrox
706 1042 825 1108 elamor,
853 1049 884 1098 et
902 1059 945 1100 re·

75 1143 158 1212 pente
178 1140 286 1213 quiesr
307 1139 432 1198 diversis
458 1140 621 1200 animorum
640 1140 775 1203 motibus,
795 1143 944 1215 pavebant

75 1240 284 1314 terrebantque.
340 1240 489 1307 Tandem,
514 1241 677 1313 interrupto
703 1241 837 1308 tumultu,
866 1240 943 1298 titte-

75 1353 117 1394 ras
137 1337 228 1410 patris
248 1338 363 1404 recitat,
382 1337 415 1395 in
434 1338 499 1411 quis
518 1337 712 1412 perseriptum
730 1345 809 1396 erata
837 1339 941 1398 ‘Pras-

75 1436 206 1510 ‘eipuam
227 1435 285 1508 ipsi
304 1436 522 1494 fortissimarum
548 1436 696 1511 legionum
709 1453 817 1505 euram,
830 1438 942 1513 quibus

74 1538 155 1593 ‘eum
169 1535 296 1608 plurima
310 1536 387 1592 bella
401 1535 603 1592 toleravisset:
624 1535 675 1592 ubi
688 1535 811 1609 primum
831 1539 942 1595 aluetu

75 1635 250 1709 ‘requiesset
264 1633 387 1703 animus,
400 1639 531 1692 acturum
552 1634 629 1707 apud
650 1635 752 1693 Patres
764 1636 803 1693 de
818 1637 942 1708 postula

75 1734 128 1791 ‘tis
141 1751 263 1791 eorum:
284 1732 398 1790 misisse
419 1732 539 1789 interim
561 1732 662 1801 tilium,
684 1739 714 1791 ut
735 1733 800 1792 sine
822 1739 941 1792 anneta·

75 1831 168 1890 ‘tione
181 1832 370 1898 consederet,
384 1847 458 1906 quae
471 1830 570 1889 statim
584 1832 671 1890 tribui
686 1838 821 1904 possent:
840 1839 941 1891 setara

73 1931 214 1989 ‘Senatui
233 1930 387 1997 servanda,
407 1947 493 2005 quem
508 1948 600 2004 neque
619 1930 729 2004 gratiae
750 1949 844 2006 neque
856 1949 940 1989 seve·

77 2031 184 2088 ‘ritatis
204 2036 357 2101 expertem
377 2028 478 2085 baberi
497 2046 548 2101 par
560 2027 658 2086 esset?
698 2030 881 2101 Responsum
894 2035 940 2086 est
949 2005 991 2064 2⁰

78 2126 267 2193 emuniens,
299 2128 458 2184 ‘mandata
493 2127 642 2186 Clementi
665 2128 839 2192 centurioni,
865 2141 939 2201 quae

79 2224 252 2298 ‘perterret’
292 2226 323 2283 ls
345 2225 455 2283 orditur
477 2226 531 2283 ‘de
556 2225 695 2286 missione
718 2223 877 2281 asedeeim
890 2242 939 2282 au·

78 2324 155 2382 ‘nisz
175 2328 213 2381 ele
227 2324 365 2397 praemiis
378 2325 477 2382 finitae
505 2324 647 2382 militiae:
668 2327 699 2380 ut
713 2321 848 2380 denarius
865 2323 939 2380 diur-

77 2428 162 2481 ‘num
188 2423 366 2498 stipendium
394 2423 487 2480 leret:
518 2442 556 2481 ne
581 2422 716 2481 veterani
747 2423 802 2480 sub
825 2421 938 2479 vexillo

77 2521 285 2580 ‘haberentur’
326 2523 375 2580 Ad
393 2539 430 2578 ea
456 2523 567 2581 Drusus
594 2540 663 2580 eum
676 2521 825 2581 arbitrium
848 2523 938 2580 Sena·

77 2625 124 2677 tus
142 2629 171 2678 et
199 2623 288 2695 patris
311 2622 492 2687 obtenderet,
523 2624 651 2680 elamore
680 2625 828 2681 turbatur:
859 2622 938 2679 ‘Cur

77 2721 231 2786 ‘venisset
256 2738 350 2795 neque
364 2721 503 2795 augendis
524 2720 648 2779 militum
662 2722 823 2795 stipendiis,
844 2738 939 2796 neque

77 2821 258 2877 ‘adlevandis
286 2819 441 2886 laboribus,
466 2822 591 2896 denique
625 2825 704 2879 nulla
733 2820 938 2882 benefaciendi

79 2918 232 2977 ‘lieentia‘l
252 2925 282 2976 at
302 2920 420 2975 hercule
446 2922 566 2977 verbera
580 2925 610 2978 et
624 2939 727 2979 neeem
748 2923 863 2980 eunetis
876 2941 938 2996 per·

79 3017 178 3074 ‘mitti
218 3019 373 3076 'liberium
395 3020 467 3076 olim
494 3019 612 3076 nornine
643 3022 767 3095 Augusti
793 3022 938 3078 desideria

80 3116 238 3188 ‘legionum
263 3117 391 3174 lrustrari
414 3118 548 3176 solitum:
568 3121 688 3186 ,easdem
710 3129 786 3179 artes
812 3121 939 3178 Drusum

81 3216 234 3273 ‘retulisse
256 3235 450 3291 numquamne
470 3219 505 3275 ad
528 3237 560 3275 se
584 3219 642 3278 uisi
666 3219 740 3275 lilios
766 3216 939 3276 familiarum

52 3348 57 3353 ·
81 3313 255 3374 ‘venturosi
285 3334 393 3393 novum
420 3316 449 3373 td
474 3318 570 3389 plane,
596 3317 673 3390 quod
700 3316 856 3388 imperator
878 3320 941 3375 sola

81 3411 192 3469 ‘militis
212 3415 364 3471 commoda
387 3416 434 3492 ad‘
446 3416 587 3472 Senatum
611 3414 736 3471 reiieiat.
756 3415 940 3477 suadenter.

82 3514 134 3582 (κο
153 3513 288 3570 Senatum
316 3515 536 3577 consulendum,
563 3512 697 3586 quotiens
717 3513 862 3587 supplicia
890 3524 940 3574 aut

85 3614 93 3639 ‘
102 3611 202 3682 proelia
215 3612 388 3672 indicantur.
409 3630 448 3670 an
469 3611 597 3686 praemia
617 3615 669 3672 sub
682 3613 817 3680 dominis,
830 3629 939 3687 poenas
