2459 4267
81 369 222 419 nense
312 365 382 415 ars.
408 366 456 416 xr.
501 361 585 418 cnr.
612 350 780 418 32⁹3&
892 346 967 420 299

82 527 177 580 ‘uuo
199 521 253 580 illo
277 520 335 589 die,
356 514 391 579 in
415 522 541 598 aliquem
574 523 743 582 intertornrn
781 523 965 583 transferret:

85 626 99 655 “
112 636 216 695 seque,
226 626 234 654 ⁴
246 615 349 689 ouen:
362 620 582 694 suscepturum?
623 624 671 681 Ae
682 641 730 691 ne,
743 624 812 680 dnm
821 623 852 681 iu
865 626 966 681 urbem

78 718 223 788 'vehitu'n
235 720 505 792 nd‘poenitentism
524 734 543 778 a
567 723 603 779 L.
617 721 744 779 Vitellio
763 726 794 779 et
814 721 847 778 P.
869 722 966 795 Largo

85 816 228 877 Caecius
248 818 463 887 mauretania
481 820 584 878 eodem
599 820 761 896 gestamine
780 821 880 878 sedem
902 836 965 893 pos·

80 916 145 985 nit,
173 916 326 991 sumitque.
366 910 478 976 (irsbrs
507 920 666 991 posthaec
694 919 773 977 tama
802 918 866 986 luit,
886 905 1017 976 inter34

81 1014 227 1073 diversas
248 1013 393 1089 Principis
413 1028 513 1084 voces,
532 1024 599 1074 eum
618 1019 705 1076 modo
718 1018 864 1076 incusaret
883 1016 963 1090 dagi-

81 1112 137 1171 ¹tia
157 1113 264 1182 moris,
290 1113 447 1188 aliquando
466 1115 503 1171 ad
531 1115 699 1173 memoriam
725 1116 843 1192 coniugi
869 1122 900 1173 et
920 1115 963 1172 iu·

81 1209 216 1269 fantiam
236 1210 389 1270 liberorum
420 1214 632 1281 revolveretur,
655 1231 714 1271 non
734 1214 811 1272 aliud
833 1216 962 1288 prolocu-

89 1313 158 1368 tum
188 1310 351 1380 Vitellium,
373 1324 468 1385 quam,
491 1328 509 1367 o
520 1309 663 1388 facinus!
692 1309 845 1368 nesciaet
870 1312 963 1368 lusta-

89 1410 146 1468 bst
167 1409 283 1485 quidem
304 1410 467 1478 Narcissus,
488 1407 598 1487 aperire
627 1408 761 1485 ntnbnges
788 1415 815 1468 et
842 1407 902 1465 ueri
919 1425 962 1466 cs·

78 1500 301 1586 psurnscceser'
316 1510 367 1566 sed
391 1527 450 1567 nen
470 1509 539 1566 ideo
559 1508 695 1582 pervicit,
714 1508 784 1584 quin
813 1524 961 1581 suspensa,

84 1610 133 1675 et,
166 1625 223 1682 qno
255 1609 438 1675 ducerentur,
470 1607 648 1664 inclinatura
680 1608 876 1681 responderet,
910 1624 961 1664 ex·

89 1707 247 1781 amploque
267 1706 330 1763 eius
360 1707 470 1779 Largus
499 1705 631 1764 Caecina
657 1711 793 1763 uteretur.
833 1705 873 1763 Et
901 1703 961 1762 iam
1028 1700 1033 1707 ’

83 1803 209 1862 eratin
228 1805 368 1878 adspectu
388 1804 570 1871 Messenius,
588 1803 826 1877 clamitabatque,
851 1799 961 1859 madiret

85 1898 228 1959 Octaviae
253 1908 278 1959 et
296 1899 457 1960 Britannici
482 1908 600 1960 snutrsm
610 1922 623 1965 ,·
641 1917 709 1958 eum
727 1902 894 1972 obstrepere
913 1916 960 1957 ae·

39 1994 43 1999 ’
79 2005 219 2068 cusator,
246 1998 348 2057 &darn
369 2007 395 2058 et
415 1999 529 2078 ineptias
553 2001 701 2057 reterens:
732 1998 817 2055 simul
840 1996 959 2054 corlicil·

81 2101 148 2167 'los,
175 2098 330 2157 libidinum
355 2100 479 2167 indices,
506 2098 636 2166 tradidit,
655 2098 758 2173 quibus
786 2096 866 2157 uisus
887 2097 961 2154 an-

88 2197 166 2256 saris
186 2202 340 2255 auerteret
381 2199 448 2256 Nec
472 2200 564 2256 multo
577 2201 642 2270 posi
661 2198 761 2252 urbem
784 2192 960 2269 ingredienti

86 2297 287 2355 offerebantur
306 2315 474 2356 communes
496 2296 599 2366 liberi,
632 2293 689 2352 nisi
710 2291 864 2350 Narcissus
887 2309 960 2350 nano·

79 2393 152 2453 ‚neri
164 2412 210 2453 ecs
229 2386 368 2454 iussisset.
409 2396 561 2453 Vibidiam
574 2396 722 2467 depellere
736 2391 877 2467 nequivit,
890 2390 960 2465 quin

89 2496 184 2553 multa
197 2492 264 2551 cunr
276 2494 390 2552 invidia
410 2494 561 2567 flagitaret,
589 2500 647 2551 ‘ns
660 2491 810 2550 indefensa
830 2489 960 2548 coniunx

84 2593 204 2650 ‘exitio
235 2593 358 2650 daretur.
400 2591 500 2666 lgitur,
534 2592 696 2649 auditurum
731 2589 907 2663 Principem,
928 2594 960 2646 et

89 2691 172 2748 ‘lore
192 2689 323 2748 diluendi
344 2691 475 2748 criminis
498 2687 863 2762 facultatem,’respunditr
886 2688 960 2745 ‘iret

81 2789 230 2846 “interim
255 2789 338 2863 virgo
364 2796 396 2846 et
421 2805 504 2846 saera
521 2785 706 2862 capesseret!
746 2788 854 2846 Mirum
883 2788 1011 2850 inter35

87 2887 165 2945 lraeo
179 2886 327 2945 silentium
342 2886 476 2946 Claudii:
491 2887 632 2945 Vitellius
641 2890 742 2960 ignaro
755 2886 886 2960 propior:
900 2903 960 2942 um·

83 2987 142 3044 nia
154 2987 260 3043 liberto
269 2986 453 3042 obediebant.
465 2984 592 3061 patefieri
611 2984 721 3040 mm
735 2981 866 3044 adden,
877 2988 960 3056 ntpue

86 3082 161 3142 illaec
180 3080 277 3141 deduci
299 3082 496 3158 limatorum
515 3084 602 3140 iubet.
647 3079 834 3152 deprimam
856 3079 887 3136 iu
909 3096 959 3136 ve·

86 3183 210 3245 stibulo,
235 3181 359 3256 effigient
382 3183 470 3254 patris
496 3174 572 3243 Silii,
590 3180 726 3237 consulto
747 3178 872 3233 Senatus
892 3177 959 3232 ubo

86 3282 184 3347 litam,
198 3282 398 3337 demonstrat:
418 3285 489 3343 turn,
508 3278 645 3354 quidquid
659 3275 771 3332 avitum
795 3273 958 3330 Neronibus

87 3384 120 3438 et
163 3378 274 3446 Drusis,
305 3376 336 3435 in
358 3379 481 3451 pretium
508 3378 601 3450 probri
632 3375 765 3432 cessisse.
795 3372 959 3429 incensuru-

88 3496 145 3553 que
166 3482 197 3533 et
217 3478 254 3533 ad
276 3477 369 3533 ruinas
388 3483 596 3551 erumpentem,
616 3473 719 3531 castris
745 3472 840 3535 inlert,
861 3475 960 3543 parata

89 3576 237 3635 concione
265 3574 415 3644 militum,
448 3577 523 3649 apud
542 3591 628 3649 onos,
656 3577 863 3646 praemonente
888 3575 960 3631 Nat·

85 3675 175 3745 cisso,
196 3690 292 3750 pauca
306 3676 396 3732 verba
414 3674 501 3733 lecit:
522 3690 599 3745 nam,
619 3673 675 3730 etsi
694 3672 810 3748 iustum,
829 3678 960 3736 doloreus
