2459 4267
235 87 243 134 i

70 305 103 352 a„
122 303 220 351 cai.
289 239 437 348 crustu.
487 300 565 347 car.
591 281 762 351 45.-47.
877 288 954 354 lau

70 458 206 513 ‘iterum
231 453 340 513 victis?
379 456 449 512 Non
475 455 525 513 diu
552 456 636 523 baec,
658 474 720 515 ⁴uec
742 457 818 531 apud
838 460 1002 532 laetosrqss

72 555 193 611 etenim
217 554 426 628 propinquabat
452 556 597 628 tegiouum
620 557 721 626 acies3
748 557 950 632 inconditique

72 645 113 709 ac
151 652 277 709 miiitiae
311 652 404 709 nescii
436 653 576 726 oppidani
609 673 703 729 nequo
729 656 823 713 ocutis
857 673 950 740 upque

70 752 196 807 auribus
220 752 290 807 satis
313 754 528 823 competebant.
549 759 651 810 eontra
677 753 776 822 Silius,
796 754 852 811 etsi
871 772 950 826 prae·

73 844 198 920 sumpta
218 868 284 919 spes
307 849 441 907 hortandi
464 868 581 907 caussas
602 839 761 917 exemerat,
779 852 950 910 clamitabat

73 953 197 1014 tamem
222 950 410 1006 ‘Pudendum
431 950 511 1021 ipsis,
531 933 605 1024 quod
621 950 842 1028 Germaniarum
857 952 949 1008 vibto·

73 1052 148 1108 ‘res
162 1049 317 1104 adversum
331 1048 444 1114 Ganos,
458 1055 603 1121 tamquam
624 1049 654 1105 in
676 1050 797 1117 bostem,
810 1029 948 1106 duceren-

75 1131 156 1202 ‘'tur.
172 1164 229 1202 uua
251 1164 341 1219 nupier
354 1148 458 1203 cohors
478 1149 618 1204 rebeliem
639 1148 809 1210 Turonium,
830 1166 887 1204 una
901 1149 949 1205 aia

74 1246 279 1313 ‘'l'reverum
306 1264 416 1317 paucae
442 1245 526 1302 buius
554 1245 644 1318 ipsius
668 1247 813 1303 exercitus
838 1255 947 1306 turmae

75 1344 294 1416 ‘profligavere
327 1345 485 1422 Sequanos.
520 1333 630 1417 quanto
662 1345 786 1418 pecunia
815 1347 891 1402 dites
917 1351 949 1404 et

74 1426 299 1512 ‘voluptatibus
310 1446 472 1514 opulentus,
487 1448 569 1500 tauto
579 1443 670 1516 magis
683 1444 815 1526 imbeiiea
828 1445 948 1502 Aeduos

77 1525 239 1606 ‘evincite²
266 1550 295 1597 et
321 1541 498 1615 fugientibus
518 1540 683 1616 consulite)
723 1544 830 1616 lugens
853 1545 889 1600 ad
912 1560 949 1620 qa

78 1623 231 1696 ‘clamart
252 1647 282 1696 et
305 1640 491 1697 circumfudit
512 1658 609 1714 eques,
633 1641 813 1716 inantemque
835 1643 946 1716 pedites

77 1737 234 1795 invasere:
256 1757 311 1795 uec
319 1745 489 1796 'cunctatum
503 1742 579 1811 apud
594 1743 693 1797 latera.
708 1743 835 1813 paullum
850 1758 947 1820 morae

79 1840 206 1894 attulere
219 1837 325 1904 ferrati,
345 1839 519 1896 restantibus
539 1839 655 1895 laminis
676 1842 829 1897 adversum
844 1840 903 1912 pita
917 1842 948 1897 et

80 1936 213 2010 gladios:
234 1937 400 2004 sedauiies,
426 1937 565 2009 correptis
586 1939 734 1995 securibus
758 1945 788 1995 et
811 1939 949 2007 dolabris,

81 2041 114 2091 ut
135 2035 160 2091 si
179 2053 289 2093 murum
313 2042 518 2118 perrumperet,
538 2039 661 2093 caedere
686 2036 815 2110 tegmina
836 2043 866 2092 et
887 2053 948 2093 cor·

81 2150 171 2206 pora:
200 2134 316 2207 quidam
342 2135 471 2192 trudibus
498 2139 548 2191 aut
574 2135 662 2191 furcis
690 2135 813 2191 inertem
842 2136 947 2192 motem

81 2238 280 2305 prosternere:
302 2232 497 2307 iacentesque,
509 2234 589 2290 auito
602 2233 858 2304 adresurgendum
874 2233 949 2300 nisu,

82 2331 165 2405 quasi
187 2331 337 2387 exanimes
362 2331 573 2405 linquebautur.
617 2331 756 2387 Sacrovir
776 2331 868 2403 primo
890 2333 948 2388 Au·

83 2430 283 2505 gustoduuum
303 2429 371 2485 dein
393 2435 471 2486 metu
489 2429 646 2486 deditionis
668 2428 698 2487 in
714 2430 814 2486 viliam
835 2413 955 2503 propin?

84 2531 168 2603 quam
182 2547 248 2585 cum
266 2529 411 2586 fidissimis
433 2529 534 2601 pergit.
577 2529 643 2584 litio
664 2545 715 2585 sua
734 2546 830 2596 mauu,
844 2528 948 2604 reliqui

6 2645 7 2702 ἦ
83 2628 188 2683 mutuis
208 2626 313 2683 ictibus
333 2627 480 2702 occidere.¹
499 2627 621 2682 incensa
641 2644 726 2699 super
749 2628 829 2697 viiia,
846 2643 948 2686 omnes

6 2717 7 2790 s
85 2715 234 2784 cremavit.
277 2710 356 2781 'l'um
376 2727 492 2781 demum
514 2725 661 2791 Tiberius,
680 2733 772 2783 ortum
794 2735 947 2799 patratum·
958 2725 998 2788 47

6 2841 7 2862 ³
86 2844 141 2899 que
167 2826 283 2891 betium,
311 2824 432 2881 Senatui
459 2811 592 2896 scripsit:
627 2842 719 2897 neque
746 2827 870 2898 dempsit
897 2833 948 2883 aut

6 2921 7 2926 ’
86 2923 297 2991 addidit'vero3
324 2924 376 2982 sed
403 2924 476 2979 ‘fide
497 2940 532 2979 ac
554 2922 661 2982 virtute
681 2926 818 3000 Legatos,
831 2943 862 2980 se
876 2941 948 2980 cou-

86 3022 176 3098 ‘si'iiis
189 3020 380 3094 superfuisse?
398 3022 483 3078 simui
498 3008 624 3088 caussae
641 3039 694 3102 cur
715 3039 773 3078 non
795 3022 867 3094 ipse,
888 3038 948 3078 nou

87 3117 194 3179 Drusus
209 3122 329 3196 proiecti
344 3122 379 3177 ad
401 3122 430 3176 id
451 3122 558 3196 betium
572 3102 675 3184 iurent,
689 3118 831 3184 adiunxit,
852 3125 948 3193 ‘mag-

84 3221 261 3276 ‘nitudiuem
276 3218 397 3290 imperii’
410 3222 571 3287 autolicum
592 3224 703 3289 ‘neque
714 3219 850 3273 decorum
867 3216 948 3274 Priu-

6 3385 7 3396 χ
84 3318 220 3389 ‘cipibus
240 3318 265 3374 si
280 3336 337 3375 una
356 3321 487 3375 alterave
501 3318 607 3373 civitas
629 3316 733 3379 turbet,
746 3314 854 3371 omissa
867 3316 947 3382 urbe,

6 3417 7 3438 ¹
85 3419 178 3476 ‘unde
195 3419 227 3474 iu
247 3418 345 3474 omnia
366 3419 502 3491 regimen.
526 3432 610 3484 nuuc,
631 3411 698 3487 quia
719 3430 778 3471 nou
799 3421 876 3469 metu
897 3414 946 3496 ‘¹¹¹7

6 3513 7 3536 ³
85 3523 190 3584 tastu,
216 3516 332 3584 iturum,
364 3523 395 3574 ut
421 3512 594 3597 praeseutia
621 3517 767 3585 spectaret
793 3529 947 3585 compone·
