<?xml version="1.0" encoding="UTF-8"?>
<!DOCTYPE html PUBLIC "-//W3C//DTD XHTML 1.0 Transitional//EN"
    "http://www.w3.org/TR/xhtml1/DTD/xhtml1-transitional.dtd">
<html xmlns="http://www.w3.org/1999/xhtml" xml:lang="en" lang="en">
 <head>
  <title>
</title>
<meta http-equiv="Content-Type" content="text/html;charset=utf-8" />
  <meta name='ocr-system' content='tesseract 3.04.00' />
  <meta name='ocr-capabilities' content='ocr_page ocr_carea ocr_par ocr_line ocrx_word'/>
</head>
<body>
  <div class='ocr_page' id='page_1' title='image "./ccorneliitaciti02unkngoog_0317.png"; bbox 0 0 2459 4267; ppageno 0'>
   <div class='ocr_carea' id='block_1_1' title="bbox 84 371 964 440">
    <p class='ocr_par' dir='ltr' id='par_1_1' title="bbox 84 371 964 440">
     <span class='ocr_line' id='line_1_1' title="bbox 84 371 964 440; baseline 0.002 -2"><span class='ocrx_word' id='word_1_1' title='bbox 84 389 118 439; x_wconf 79' lang='lat' dir='ltr'><strong>a.</strong></span> <span class='ocrx_word' id='word_1_2' title='bbox 133 386 165 436; x_wconf 86' lang='lat' dir='ltr'><strong>c.</strong></span> <span class='ocrx_word' id='word_1_3' title='bbox 182 391 220 437; x_wconf 76' lang='lat' dir='ltr'><strong>su.</strong></span> <span class='ocrx_word' id='word_1_4' title='bbox 337 371 759 436; x_wconf 74' lang='lat' dir='ltr'><strong>um.x1.cnr.l.-3.</strong></span> <span class='ocrx_word' id='word_1_5' title='bbox 892 372 964 440; x_wconf 72' lang='lat'><strong>277</strong></span> 
     </span>
    </p>
   </div>
   <div class='ocr_carea' id='block_1_2' title="bbox 61 520 1048 3285">
    <p class='ocr_par' dir='ltr' id='par_1_2' title="bbox 79 520 970 714">
     <span class='ocr_line' id='line_1_2' title="bbox 84 520 970 614; baseline 0.005 -15"><span class='ocrx_word' id='word_1_6' title='bbox 84 541 228 614; x_wconf 88' lang='lat' dir='ltr'><strong>‘cipuum</strong></span> <span class='ocrx_word' id='word_1_7' title='bbox 242 545 392 600; x_wconf 77' lang='lat' dir='ltr'><strong>auctorem</strong></span> <span class='ocrx_word' id='word_1_8' title='bbox 415 540 581 599; x_wconf 84' lang='lat' dir='ltr'><strong>Asiaticum</strong></span> <span class='ocrx_word' id='word_1_9' title='bbox 602 520 798 603; x_wconf 80' lang='lat' dir='ltr'><strong>interficiendi</strong></span> <span class='ocrx_word' id='word_1_10' title='bbox 814 544 970 604; x_wconf 73' lang='lat' dir='ltr'><strong>caesarist</strong></span> 
     </span>
     <span class='ocr_line' id='line_1_3' title="bbox 79 625 970 714; baseline 0.001 -15"><span class='ocrx_word' id='word_1_11' title='bbox 79 640 172 699; x_wconf 87' lang='lat' dir='ltr'><strong>·‘&#39;non</strong></span> <span class='ocrx_word' id='word_1_12' title='bbox 195 641 365 698; x_wconf 73' lang='lat' dir='ltr'>extimuisse</span> <span class='ocrx_word' id='word_1_13' title='bbox 389 636 566 699; x_wconf 84' lang='lat' dir='ltr'><strong>concionem</strong></span> <span class='ocrx_word' id='word_1_14' title='bbox 593 641 699 714; x_wconf 85' lang='lat' dir='ltr'><strong>Populi</strong></span> <span class='ocrx_word' id='word_1_15' title='bbox 721 625 848 701; x_wconf 86' lang='lat' dir='ltr'><strong>Romani</strong></span> <span class='ocrx_word' id='word_1_16' title='bbox 871 644 970 701; x_wconf 76' lang='lat' dir='ltr'><strong>lateris</strong></span> 
     </span>
    </p>

    <p class='ocr_par' dir='ltr' id='par_1_3' title="bbox 61 739 1048 3285">
     <span class='ocr_line' id='line_1_4' title="bbox 61 739 969 814; baseline 0.004 -18"><span class='ocrx_word' id='word_1_17' title='bbox 61 800 63 803; x_wconf 69' lang='grc'><strong>,</strong></span> <span class='ocrx_word' id='word_1_18' title='bbox 85 739 460 814; x_wconf 73' lang='lat' dir='ltr'><strong>‘gloriamquetacinoris&#39;</strong></span> <span class='ocrx_word' id='word_1_19' title='bbox 473 742 549 797; x_wconf 90' lang='lat' dir='ltr'><strong>ultro</strong></span> <span class='ocrx_word' id='word_1_20' title='bbox 573 746 682 813; x_wconf 88' lang='lat' dir='ltr'><strong>petere.</strong></span> <span class='ocrx_word' id='word_1_21' title='bbox 703 744 814 800; x_wconf 84' lang='lat' dir='ltr'><strong>clarum</strong></span> <span class='ocrx_word' id='word_1_22' title='bbox 834 761 872 800; x_wconf 86' lang='lat' dir='ltr'><strong>ex</strong></span> <span class='ocrx_word' id='word_1_23' title='bbox 887 743 969 801; x_wconf 89' lang='lat' dir='ltr'><strong>eoin</strong></span> 
     </span>
     <span class='ocr_line' id='line_1_5' title="bbox 88 837 969 913; baseline 0.005 -18"><span class='ocrx_word' id='word_1_24' title='bbox 88 839 195 903; x_wconf 85' lang='lat' dir='ltr'><strong>‘&#39;urbe,</strong></span> <span class='ocrx_word' id='word_1_25' title='bbox 208 837 303 894; x_wconf 78' lang='lat' dir='ltr'><strong>didita</strong></span> <span class='ocrx_word' id='word_1_26' title='bbox 313 855 366 909; x_wconf 83' lang='lat' dir='ltr'><strong>per</strong></span> <span class='ocrx_word' id='word_1_27' title='bbox 379 837 547 913; x_wconf 86' lang='lat' dir='ltr'><strong>provincias</strong></span> <span class='ocrx_word' id='word_1_28' title='bbox 559 842 646 906; x_wconf 87' lang='lat' dir='ltr'><strong>lama,</strong></span> <span class='ocrx_word' id='word_1_29' title='bbox 660 858 761 913; x_wconf 89' lang='lat' dir='ltr'><strong>parare</strong></span> <span class='ocrx_word' id='word_1_30' title='bbox 775 842 830 898; x_wconf 87' lang='lat' dir='ltr'><strong>iter</strong></span> <span class='ocrx_word' id='word_1_31' title='bbox 844 844 881 898; x_wconf 91' lang='lat' dir='ltr'><strong>ad</strong></span> <span class='ocrx_word' id='word_1_32' title='bbox 896 843 969 899; x_wconf 79' lang='lat' dir='ltr'><strong>Ger·</strong></span> 
     </span>
     <span class='ocr_line' id='line_1_6' title="bbox 88 936 969 1011; baseline 0.002 -17"><span class='ocrx_word' id='word_1_33' title='bbox 88 936 245 995; x_wconf 80' lang='lat' dir='ltr'><strong>‘manicos</strong></span> <span class='ocrx_word' id='word_1_34' title='bbox 259 936 425 1005; x_wconf 79' lang='lat' dir='ltr'><strong>exercitus3</strong></span> <span class='ocrx_word' id='word_1_35' title='bbox 445 940 561 1011; x_wconf 88' lang='lat' dir='ltr'><strong>quando</strong></span> <span class='ocrx_word' id='word_1_36' title='bbox 570 938 686 1011; x_wconf 82' lang='lat' dir='ltr'><strong>genitus</strong></span> <span class='ocrx_word' id='word_1_37' title='bbox 697 940 845 1005; x_wconf 82' lang='lat' dir='ltr'><strong>Viennae,</strong></span> <span class='ocrx_word' id='word_1_38' title='bbox 859 941 969 998; x_wconf 85' lang='lat' dir='ltr'><strong>multis-</strong></span> 
     </span>
     <span class='ocr_line' id='line_1_7' title="bbox 90 1037 968 1112; baseline 0.003 -19"><span class='ocrx_word' id='word_1_39' title='bbox 90 1043 171 1112; x_wconf 82' lang='lat' dir='ltr'><strong>‘que</strong></span> <span class='ocrx_word' id='word_1_40' title='bbox 190 1043 229 1097; x_wconf 79' lang='lat' dir='ltr'><strong>et</strong></span> <span class='ocrx_word' id='word_1_41' title='bbox 258 1037 366 1093; x_wconf 84' lang='lat' dir='ltr'><strong>validis</strong></span> <span class='ocrx_word' id='word_1_42' title='bbox 394 1038 655 1111; x_wconf 73' lang='lat' dir='ltr'><strong>propinquitatibus</strong></span> <span class='ocrx_word' id='word_1_43' title='bbox 683 1041 833 1106; x_wconf 86' lang='lat' dir='ltr'><strong>subnixus,</strong></span> <span class='ocrx_word' id='word_1_44' title='bbox 853 1043 968 1097; x_wconf 88' lang='lat' dir='ltr'><strong>turbare</strong></span> 
     </span>
     <span class='ocr_line' id='line_1_8' title="bbox 90 1132 968 1211; baseline 0.001 -18"><span class='ocrx_word' id='word_1_45' title='bbox 90 1135 241 1211; x_wconf 84' lang='lat' dir='ltr'><strong>‘gentiles</strong></span> <span class='ocrx_word' id='word_1_46' title='bbox 256 1132 390 1193; x_wconf 85' lang='lat' dir='ltr'><strong>nationes</strong></span> <span class='ocrx_word' id='word_1_47' title='bbox 405 1143 568 1208; x_wconf 85' lang='lat' dir='ltr'><strong>promptum</strong></span> <span class='ocrx_word' id='word_1_48' title='bbox 584 1136 724 1195; x_wconf 63' lang='lat' dir='ltr'><strong>baberet?</strong></span> <span class='ocrx_word' id='word_1_49' title='bbox 766 1142 807 1196; x_wconf 86' lang='lat' dir='ltr'><strong>At</strong></span> <span class='ocrx_word' id='word_1_50' title='bbox 818 1139 968 1204; x_wconf 84' lang='lat' dir='ltr'><strong>Claudius,</strong></span> 
     </span>
     <span class='ocr_line' id='line_1_9' title="bbox 89 1235 968 1311; baseline 0 -16"><span class='ocrx_word' id='word_1_51' title='bbox 89 1235 170 1295; x_wconf 77' lang='lat' dir='ltr'><strong>nibil</strong></span> <span class='ocrx_word' id='word_1_52' title='bbox 191 1237 266 1291; x_wconf 88' lang='lat' dir='ltr'><strong>ultra</strong></span> <span class='ocrx_word' id='word_1_53' title='bbox 288 1238 440 1301; x_wconf 87' lang='lat' dir='ltr'><strong>scrutatus,</strong></span> <span class='ocrx_word' id='word_1_54' title='bbox 461 1235 530 1291; x_wconf 83' lang='lat' dir='ltr'><strong>citis</strong></span> <span class='ocrx_word' id='word_1_55' title='bbox 551 1253 619 1291; x_wconf 91' lang='lat' dir='ltr'><strong>cum</strong></span> <span class='ocrx_word' id='word_1_56' title='bbox 645 1236 793 1303; x_wconf 78' lang='lat' dir='ltr'><strong>militibus,</strong></span> <span class='ocrx_word' id='word_1_57' title='bbox 821 1244 968 1311; x_wconf 84' lang='lat' dir='ltr'><strong>tamquam</strong></span> 
     </span>
     <span class='ocr_line' id='line_1_10' title="bbox 89 1334 967 1419; baseline -0.002 -25"><span class='ocrx_word' id='word_1_58' title='bbox 89 1334 288 1408; x_wconf 88' lang='lat' dir='ltr'><strong>opprimendo</strong></span> <span class='ocrx_word' id='word_1_59' title='bbox 308 1336 396 1401; x_wconf 87' lang='lat' dir='ltr'><strong>bello,</strong></span> <span class='ocrx_word' id='word_1_60' title='bbox 418 1334 597 1419; x_wconf 72' lang='lat' dir='ltr'><strong>Crispinum,</strong></span> <span class='ocrx_word' id='word_1_61' title='bbox 613 1334 755 1391; x_wconf 87' lang='lat' dir='ltr'><strong>Praetorii</strong></span> <span class='ocrx_word' id='word_1_62' title='bbox 780 1337 967 1408; x_wconf 86' lang='lat' dir='ltr'><strong>praelectum,</strong></span> 
     </span>
     <span class='ocr_line' id='line_1_11' title="bbox 89 1422 967 1509; baseline -0.003 -15"><span class='ocrx_word' id='word_1_63' title='bbox 89 1434 194 1494; x_wconf 71' lang='lat' dir='ltr'><strong>mitit:</strong></span> <span class='ocrx_word' id='word_1_64' title='bbox 215 1451 233 1489; x_wconf 91' lang='lat' dir='ltr'><strong>a</strong></span> <span class='ocrx_word' id='word_1_65' title='bbox 258 1450 316 1507; x_wconf 89' lang='lat' dir='ltr'><strong>quo</strong></span> <span class='ocrx_word' id='word_1_66' title='bbox 343 1422 473 1509; x_wconf 78' lang='lat' dir='ltr'><strong>repertps</strong></span> <span class='ocrx_word' id='word_1_67' title='bbox 500 1439 545 1489; x_wconf 86' lang='lat' dir='ltr'><strong>est</strong></span> <span class='ocrx_word' id='word_1_68' title='bbox 573 1434 649 1506; x_wconf 86' lang='lat' dir='ltr'><strong>apud</strong></span> <span class='ocrx_word' id='word_1_69' title='bbox 674 1434 773 1500; x_wconf 85' lang='lat' dir='ltr'><strong>Baias,</strong></span> <span class='ocrx_word' id='word_1_70' title='bbox 802 1433 967 1508; x_wconf 83' lang='lat' dir='ltr'><strong>vinclisque</strong></span> 
     </span>
     <span class='ocr_line' id='line_1_12' title="bbox 88 1531 999 1606; baseline -0.003 -14"><span class='ocrx_word' id='word_1_71' title='bbox 88 1533 206 1598; x_wconf 89' lang='lat' dir='ltr'><strong>inditis,</strong></span> <span class='ocrx_word' id='word_1_72' title='bbox 231 1531 263 1589; x_wconf 92' lang='lat' dir='ltr'><strong>in</strong></span> <span class='ocrx_word' id='word_1_73' title='bbox 291 1534 389 1589; x_wconf 86' lang='lat' dir='ltr'><strong>urbem</strong></span> <span class='ocrx_word' id='word_1_74' title='bbox 420 1538 646 1606; x_wconf 72' lang='lat' dir='ltr'><strong>rapinamque</strong></span> <span class='ocrx_word' id='word_1_75' title='bbox 673 1534 741 1589; x_wconf 86' lang='lat' dir='ltr'><strong>data</strong></span> <span class='ocrx_word' id='word_1_76' title='bbox 768 1534 894 1591; x_wconf 81' lang='lat' dir='ltr'><strong>Senatus</strong></span> <span class='ocrx_word' id='word_1_77' title='bbox 917 1542 999 1602; x_wconf 56' lang='grc' dir='ltr'><strong>οη</strong></span> 
     </span>
     <span class='ocr_line' id='line_1_13' title="bbox 88 1630 966 1707; baseline 0.002 -20"><span class='ocrx_word' id='word_1_78' title='bbox 88 1632 160 1707; x_wconf 86' lang='lat' dir='ltr'><strong>pia:</strong></span> <span class='ocrx_word' id='word_1_79' title='bbox 181 1631 260 1687; x_wconf 85' lang='lat' dir='ltr'><strong>intra</strong></span> <span class='ocrx_word' id='word_1_80' title='bbox 280 1631 446 1688; x_wconf 75' lang='lat' dir='ltr'><strong>cubiculum</strong></span> <span class='ocrx_word' id='word_1_81' title='bbox 470 1630 594 1697; x_wconf 83' lang='lat' dir='ltr'><strong>auditur,</strong></span> <span class='ocrx_word' id='word_1_82' title='bbox 616 1630 789 1690; x_wconf 87' lang='lat' dir='ltr'><strong>Messallina</strong></span> <span class='ocrx_word' id='word_1_83' title='bbox 812 1636 911 1690; x_wconf 85' lang='lat' dir='ltr'><strong>coram</strong></span> <span class='ocrx_word' id='word_1_84' title='bbox 935 1639 966 1689; x_wconf 87' lang='lat' dir='ltr'><strong>et</strong></span> 
     </span>
     <span class='ocr_line' id='line_1_14' title="bbox 92 1718 1048 1809; baseline -0.001 -19"><span class='ocrx_word' id='word_1_85' title='bbox 92 1730 191 1790; x_wconf 81' lang='lat' dir='ltr'><strong>Suilio</strong></span> <span class='ocrx_word' id='word_1_86' title='bbox 209 1718 413 1805; x_wconf 64' lang='lat' dir='ltr'><strong>corruptionum</strong></span> <span class='ocrx_word' id='word_1_87' title='bbox 439 1727 569 1795; x_wconf 79' lang='lat' dir='ltr'><strong>osils&#39;tnm,</strong></span> <span class='ocrx_word' id='word_1_88' title='bbox 591 1748 661 1806; x_wconf 79' lang='lat' dir='ltr'><strong>pum</strong></span> <span class='ocrx_word' id='word_1_89' title='bbox 682 1733 800 1809; x_wconf 80' lang='lat' dir='ltr'><strong>pecunia</strong></span> <span class='ocrx_word' id='word_1_90' title='bbox 823 1740 849 1789; x_wconf 81' lang='lat' dir='ltr'><strong>et</strong></span> <span class='ocrx_word' id='word_1_91' title='bbox 870 1739 967 1809; x_wconf 75' lang='lat' dir='ltr'><strong>stupro</strong></span> <span class='ocrx_word' id='word_1_92' title='bbox 1044 1737 1048 1742; x_wconf 83' lang='grc'><em>“</em></span> 
     </span>
     <span class='ocr_line' id='line_1_15' title="bbox 89 1825 967 1904; baseline 0 -18"><span class='ocrx_word' id='word_1_93' title='bbox 89 1826 122 1886; x_wconf 82' lang='lat' dir='ltr'><strong>in</strong></span> <span class='ocrx_word' id='word_1_94' title='bbox 136 1825 212 1884; x_wconf 86' lang='lat' dir='ltr'><strong>omni</strong></span> <span class='ocrx_word' id='word_1_95' title='bbox 227 1825 348 1904; x_wconf 83' lang='lat' dir='ltr'><strong>flagitio</strong></span> <span class='ocrx_word' id='word_1_96' title='bbox 372 1826 679 1899; x_wconf 66' lang='lat' dir='ltr'><strong>obstrictosarnuebat</strong></span> <span class='ocrx_word' id='word_1_97' title='bbox 703 1831 776 1887; x_wconf 88' lang='lat' dir='ltr'><strong>exin</strong></span> <span class='ocrx_word' id='word_1_98' title='bbox 799 1828 967 1887; x_wconf 67' lang='lat' dir='ltr'><strong>admei-m</strong></span> 
     </span>
     <span class='ocr_line' id='line_1_16' title="bbox 88 1925 967 2005; baseline -0.002 -21"><span class='ocrx_word' id='word_1_99' title='bbox 88 1926 246 2003; x_wconf 74' lang='lat' dir='ltr'><strong><em>Poppaeae,</em></strong></span> <span class='ocrx_word' id='word_1_100' title='bbox 262 1943 299 1983; x_wconf 87' lang='lat' dir='ltr'><strong>ac</strong></span> <span class='ocrx_word' id='word_1_101' title='bbox 313 1932 487 1997; x_wconf 86' lang='lat' dir='ltr'><strong>postremum</strong></span> <span class='ocrx_word' id='word_1_102' title='bbox 500 1925 649 1983; x_wconf 74' lang='lat' dir='ltr'><strong>mollitiam</strong></span> <span class='ocrx_word' id='word_1_103' title='bbox 670 1925 795 2002; x_wconf 74' lang='lat' dir='ltr'><strong>corporis</strong></span> <span class='ocrx_word' id='word_1_104' title='bbox 818 1928 967 2005; x_wconf 85' lang='lat' dir='ltr'><strong>obiectan-</strong></span> 
     </span>
     <span class='ocr_line' id='line_1_17' title="bbox 92 2025 967 2098; baseline -0.002 -15"><span class='ocrx_word' id='word_1_105' title='bbox 92 2031 134 2083; x_wconf 89' lang='lat' dir='ltr'><strong>te.</strong></span> <span class='ocrx_word' id='word_1_106' title='bbox 150 2027 186 2082; x_wconf 88' lang='lat' dir='ltr'><strong>ad</strong></span> <span class='ocrx_word' id='word_1_107' title='bbox 200 2026 286 2098; x_wconf 82' lang='lat' dir='ltr'><strong>quod,</strong></span> <span class='ocrx_word' id='word_1_108' title='bbox 302 2025 384 2082; x_wconf 88' lang='lat' dir='ltr'><strong>victo</strong></span> <span class='ocrx_word' id='word_1_109' title='bbox 396 2026 524 2091; x_wconf 86' lang='lat' dir='ltr'><strong>silentio,</strong></span> <span class='ocrx_word' id='word_1_110' title='bbox 539 2025 668 2098; x_wconf 81' lang='lat' dir='ltr'><strong>prorupit</strong></span> <span class='ocrx_word' id='word_1_111' title='bbox 690 2043 764 2092; x_wconf 86' lang='lat' dir='ltr'><strong>reus,</strong></span> <span class='ocrx_word' id='word_1_112' title='bbox 788 2033 827 2090; x_wconf 85' lang='lat' dir='ltr'><strong>et,</strong></span> <span class='ocrx_word' id='word_1_113' title='bbox 850 2026 967 2081; x_wconf 75' lang='lat' dir='ltr'><strong>intinnu-</strong></span> 
     </span>
     <span class='ocr_line' id='line_1_18' title="bbox 87 2121 966 2201; baseline -0.001 -21"><span class='ocrx_word' id='word_1_114' title='bbox 87 2141 142 2201; x_wconf 83' lang='lat' dir='ltr'><strong>ga,</strong></span> <span class='ocrx_word' id='word_1_115' title='bbox 156 2124 261 2198; x_wconf 84' lang='lat' dir='ltr'><strong>inquit,</strong></span> <span class='ocrx_word' id='word_1_116' title='bbox 280 2121 362 2190; x_wconf 84' lang='lat' dir='ltr'><strong>Snili,</strong></span> <span class='ocrx_word' id='word_1_117' title='bbox 377 2122 460 2201; x_wconf 72' lang='lat' dir='ltr'><strong>filios</strong></span> <span class='ocrx_word' id='word_1_118' title='bbox 480 2130 563 2180; x_wconf 75' lang='lat' dir='ltr'><strong>taos:</strong></span> <span class='ocrx_word' id='word_1_119' title='bbox 581 2122 672 2179; x_wconf 80' lang='lat' dir='ltr'><strong>airum</strong></span> <span class='ocrx_word' id='word_1_120' title='bbox 697 2140 742 2179; x_wconf 84' lang='lat' dir='ltr'><strong>mc</strong></span> <span class='ocrx_word' id='word_1_121' title='bbox 765 2139 822 2180; x_wconf 82' lang='lat' dir='ltr'><strong>eme</strong></span> <span class='ocrx_word' id='word_1_122' title='bbox 832 2121 966 2200; x_wconf 79' lang='lat' dir='ltr'><strong>fulcina-</strong></span> 
     </span>
     <span class='ocr_line' id='line_1_19' title="bbox 88 2222 966 2298; baseline 0 -17"><span class='ocrx_word' id='word_1_123' title='bbox 88 2229 160 2282; x_wconf 80' lang='lat' dir='ltr'><strong>tnr:</strong></span> <span class='ocrx_word' id='word_1_124' title='bbox 191 2222 394 2298; x_wconf 73' lang='lat' dir='ltr'><strong>ingressusque</strong></span> <span class='ocrx_word' id='word_1_125' title='bbox 417 2223 627 2289; x_wconf 78' lang='lat' dir='ltr'><strong>defensionem,</strong></span> <span class='ocrx_word' id='word_1_126' title='bbox 654 2223 966 2281; x_wconf 88' lang='lat' dir='ltr'><strong>commoto&#39;maiorem</strong></span> 
     </span>
     <span class='ocr_line' id='line_1_20' title="bbox 89 2321 965 2396; baseline -0.002 -16"><span class='ocrx_word' id='word_1_127' title='bbox 89 2321 123 2380; x_wconf 87' lang='lat' dir='ltr'><strong>iu</strong></span> <span class='ocrx_word' id='word_1_128' title='bbox 159 2323 275 2379; x_wconf 88' lang='lat' dir='ltr'><strong>modum</strong></span> <span class='ocrx_word' id='word_1_129' title='bbox 303 2322 438 2389; x_wconf 78' lang='lat' dir='ltr'><strong>Claudio,</strong></span> <span class='ocrx_word' id='word_1_130' title='bbox 467 2322 657 2379; x_wconf 84' lang='lat' dir='ltr'><strong>Messallinue</strong></span> <span class='ocrx_word' id='word_1_131' title='bbox 694 2340 806 2396; x_wconf 85' lang='lat' dir='ltr'><strong>quoque</strong></span> <span class='ocrx_word' id='word_1_132' title='bbox 831 2322 965 2379; x_wconf 86' lang='lat' dir='ltr'><strong>lacrimas</strong></span> 
     </span>
     <span class='ocr_line' id='line_1_21' title="bbox 90 2410 965 2495; baseline 0 -16"><span class='ocrx_word' id='word_1_133' title='bbox 90 2420 216 2479; x_wconf 69' lang='lat' dir='ltr'><strong>excivit.</strong></span> <span class='ocrx_word' id='word_1_134' title='bbox 238 2420 340 2495; x_wconf 85' lang='lat' dir='ltr'><strong>quibus</strong></span> <span class='ocrx_word' id='word_1_135' title='bbox 354 2410 507 2478; x_wconf 81' lang='lat' dir='ltr'><strong>abluendis</strong></span> <span class='ocrx_word' id='word_1_136' title='bbox 520 2421 657 2478; x_wconf 88' lang='lat' dir='ltr'><strong>cubiculo</strong></span> <span class='ocrx_word' id='word_1_137' title='bbox 680 2422 843 2495; x_wconf 81' lang='lat' dir='ltr'><strong>egrediens,</strong></span> <span class='ocrx_word' id='word_1_138' title='bbox 865 2425 965 2479; x_wconf 87' lang='lat' dir='ltr'><strong>monet</strong></span> 
     </span>
     <span class='ocr_line' id='line_1_22' title="bbox 89 2519 965 2593; baseline 0.002 -17"><span class='ocrx_word' id='word_1_139' title='bbox 89 2519 258 2585; x_wconf 81' lang='lat' dir='ltr'><strong>Vitellium,</strong></span> <span class='ocrx_word' id='word_1_140' title='bbox 281 2538 320 2576; x_wconf 88' lang='lat' dir='ltr'><strong>ne</strong></span> <span class='ocrx_word' id='word_1_141' title='bbox 341 2519 420 2576; x_wconf 92' lang='lat' dir='ltr'><strong>elabi</strong></span> <span class='ocrx_word' id='word_1_142' title='bbox 432 2536 514 2577; x_wconf 87' lang='lat' dir='ltr'><strong>reum</strong></span> <span class='ocrx_word' id='word_1_143' title='bbox 534 2520 653 2576; x_wconf 89' lang='lat' dir='ltr'><strong>sineret.</strong></span> <span class='ocrx_word' id='word_1_144' title='bbox 674 2520 738 2591; x_wconf 88' lang='lat' dir='ltr'><strong>ipsa</strong></span> <span class='ocrx_word' id='word_1_145' title='bbox 753 2522 789 2576; x_wconf 90' lang='lat' dir='ltr'><strong>ad</strong></span> <span class='ocrx_word' id='word_1_146' title='bbox 805 2519 965 2593; x_wconf 84' lang='lat' dir='ltr'><strong>perniciem</strong></span> 
     </span>
     <span class='ocr_line' id='line_1_23' title="bbox 90 2616 964 2692; baseline 0 -15"><span class='ocrx_word' id='word_1_147' title='bbox 90 2617 249 2692; x_wconf 80' lang='lat' dir='ltr'><strong>Poppaeae</strong></span> <span class='ocrx_word' id='word_1_148' title='bbox 273 2616 403 2683; x_wconf 73' lang='lat' dir='ltr'><strong>festinat,</strong></span> <span class='ocrx_word' id='word_1_149' title='bbox 427 2618 561 2685; x_wconf 82' lang='lat' dir='ltr'><strong>subditis,</strong></span> <span class='ocrx_word' id='word_1_150' title='bbox 581 2618 632 2691; x_wconf 87' lang='lat' dir='ltr'><strong>qui</strong></span> <span class='ocrx_word' id='word_1_151' title='bbox 656 2624 763 2676; x_wconf 87' lang='lat' dir='ltr'><strong>terrore</strong></span> <span class='ocrx_word' id='word_1_152' title='bbox 787 2620 912 2676; x_wconf 83' lang='lat' dir='ltr'><strong>caiceria</strong></span> <span class='ocrx_word' id='word_1_153' title='bbox 926 2620 964 2678; x_wconf 85' lang='lat' dir='ltr'><strong>ad</strong></span> 
     </span>
     <span class='ocr_line' id='line_1_24' title="bbox 89 2716 963 2794; baseline 0.003 -20"><span class='ocrx_word' id='word_1_154' title='bbox 89 2717 288 2774; x_wconf 81' lang='lat' dir='ltr'><strong>voluntariam</strong></span> <span class='ocrx_word' id='word_1_155' title='bbox 308 2716 431 2773; x_wconf 81' lang='lat' dir='ltr'><strong>mortem</strong></span> <span class='ocrx_word' id='word_1_156' title='bbox 445 2719 657 2789; x_wconf 80' lang='lat' dir='ltr'><strong>propellereut3</strong></span> <span class='ocrx_word' id='word_1_157' title='bbox 678 2720 753 2775; x_wconf 90' lang='lat' dir='ltr'><strong>adeo</strong></span> <span class='ocrx_word' id='word_1_158' title='bbox 773 2719 875 2794; x_wconf 85' lang='lat' dir='ltr'><strong>ignaro</strong></span> <span class='ocrx_word' id='word_1_159' title='bbox 890 2720 963 2778; x_wconf 78' lang='lat' dir='ltr'><strong>(lae-</strong></span> 
     </span>
     <span class='ocr_line' id='line_1_25' title="bbox 90 2812 964 2891; baseline 0.002 -17"><span class='ocrx_word' id='word_1_160' title='bbox 90 2812 166 2883; x_wconf 78' lang='lat' dir='ltr'><strong>s‘are,</strong></span> <span class='ocrx_word' id='word_1_161' title='bbox 179 2823 221 2880; x_wconf 89' lang='lat' dir='ltr'><strong>nt,</strong></span> <span class='ocrx_word' id='word_1_162' title='bbox 236 2832 343 2887; x_wconf 89' lang='lat' dir='ltr'><strong>paucos</strong></span> <span class='ocrx_word' id='word_1_163' title='bbox 358 2823 421 2887; x_wconf 86' lang='lat' dir='ltr'><strong>post</strong></span> <span class='ocrx_word' id='word_1_164' title='bbox 436 2815 509 2880; x_wconf 82' lang='lat' dir='ltr'><strong>dies,</strong></span> <span class='ocrx_word' id='word_1_165' title='bbox 532 2819 701 2889; x_wconf 86' lang='lat' dir='ltr'><strong>epulantem</strong></span> <span class='ocrx_word' id='word_1_166' title='bbox 723 2820 799 2891; x_wconf 89' lang='lat' dir='ltr'><strong>apud</strong></span> <span class='ocrx_word' id='word_1_167' title='bbox 823 2837 855 2875; x_wconf 86' lang='lat' dir='ltr'><strong>sc</strong></span> <span class='ocrx_word' id='word_1_168' title='bbox 880 2819 964 2876; x_wconf 90' lang='lat' dir='ltr'><strong>mari-</strong></span> 
     </span>
     <span class='ocr_line' id='line_1_26' title="bbox 89 2913 963 2986; baseline 0.001 -13"><span class='ocrx_word' id='word_1_169' title='bbox 89 2920 151 2973; x_wconf 88' lang='lat' dir='ltr'><strong>tum</strong></span> <span class='ocrx_word' id='word_1_170' title='bbox 171 2914 244 2977; x_wconf 85' lang='lat' dir='ltr'><strong>eius,</strong></span> <span class='ocrx_word' id='word_1_171' title='bbox 259 2913 438 2985; x_wconf 83' lang='lat' dir='ltr'><strong>Scipionem.</strong></span> <span class='ocrx_word' id='word_1_172' title='bbox 460 2921 696 2986; x_wconf 88' lang='lat' dir='ltr'><strong>percunctaretur</strong></span> <span class='ocrx_word' id='word_1_173' title='bbox 719 2933 772 2973; x_wconf 82' lang='lat' dir='ltr'><strong>cnr</strong></span> <span class='ocrx_word' id='word_1_174' title='bbox 797 2916 858 2973; x_wconf 83' lang='lat' dir='ltr'><strong>aine</strong></span> <span class='ocrx_word' id='word_1_175' title='bbox 877 2932 963 2975; x_wconf 76' lang='lat' dir='ltr'><strong>uxore</strong></span> 
     </span>
     <span class='ocr_line' id='line_1_27' title="bbox 90 3010 962 3091; baseline -0.001 -21"><span class='ocrx_word' id='word_1_176' title='bbox 90 3010 297 3070; x_wconf 63' lang='lat' dir='ltr'><strong>demisisset?</strong></span> <span class='ocrx_word' id='word_1_177' title='bbox 310 3014 346 3069; x_wconf 83' lang='lat' dir='ltr'><strong>ad</strong></span> <span class='ocrx_word' id='word_1_178' title='bbox 370 3015 444 3087; x_wconf 88' lang='lat' dir='ltr'><strong>quod</strong></span> <span class='ocrx_word' id='word_1_179' title='bbox 470 3012 668 3091; x_wconf 51' lang='lat' dir='ltr'><strong>ineffectum</strong></span> <span class='ocrx_word' id='word_1_180' title='bbox 680 3013 758 3090; x_wconf 82' lang='lat' dir='ltr'><strong>suto,</strong></span> <span class='ocrx_word' id='word_1_181' title='bbox 772 3015 962 3086; x_wconf 85' lang='lat' dir='ltr'><strong>responderit.</strong></span> 
     </span>
     <span class='ocr_line' id='line_1_28' title="bbox 92 3111 994 3182; baseline -0.002 -13"><span class='ocrx_word' id='word_1_182' title='bbox 92 3113 153 3169; x_wconf 80' lang='lat' dir='ltr'><strong>Sed</strong></span> <span class='ocrx_word' id='word_1_183' title='bbox 179 3113 365 3168; x_wconf 82' lang='lat' dir='ltr'><strong>consultante</strong></span> <span class='ocrx_word' id='word_1_184' title='bbox 397 3129 483 3182; x_wconf 84' lang='lat' dir='ltr'><strong>super</strong></span> <span class='ocrx_word' id='word_1_185' title='bbox 509 3112 692 3167; x_wconf 87' lang='lat' dir='ltr'><strong>absolutione</strong></span> <span class='ocrx_word' id='word_1_186' title='bbox 729 3111 864 3177; x_wconf 84' lang='lat' dir='ltr'><strong>Asiatici,</strong></span> <span class='ocrx_word' id='word_1_187' title='bbox 890 3111 994 3181; x_wconf 85' lang='lat' dir='ltr'><strong>flens3</strong></span> 
     </span>
     <span class='ocr_line' id='line_1_29' title="bbox 89 3205 963 3285; baseline -0.002 -18"><span class='ocrx_word' id='word_1_188' title='bbox 89 3209 242 3277; x_wconf 84' lang='lat' dir='ltr'><strong>Vitellius,</strong></span> <span class='ocrx_word' id='word_1_189' title='bbox 274 3215 501 3267; x_wconf 87' lang='lat' dir='ltr'><strong>commemorata</strong></span> <span class='ocrx_word' id='word_1_190' title='bbox 533 3214 666 3266; x_wconf 71' lang='lat' dir='ltr'><strong>vetustate</strong></span> <span class='ocrx_word' id='word_1_191' title='bbox 698 3205 846 3276; x_wconf 77' lang='lat' dir='ltr'><strong>amicitiae,</strong></span> <span class='ocrx_word' id='word_1_192' title='bbox 879 3215 963 3285; x_wconf 76' lang='lat' dir='ltr'><strong>utque</strong></span> 
     </span>
    </p>
   </div>
   <div class='ocr_carea' id='block_1_3' title="bbox 117 3361 915 3426">
    <p class='ocr_par' dir='ltr' id='par_1_4' title="bbox 117 3361 915 3426">
     <span class='ocr_line' id='line_1_30' title="bbox 117 3361 915 3426; baseline -0.003 -17"><span class='ocrx_word' id='word_1_193' title='bbox 117 3363 242 3410; x_wconf 77' lang='lat' dir='ltr'><strong>Mollitiam</strong></span> <span class='ocrx_word' id='word_1_194' title='bbox 251 3364 355 3426; x_wconf 74' lang='lat' dir='ltr'><strong>eorporis]</strong></span> <span class='ocrx_word' id='word_1_195' title='bbox 388 3363 563 3426; x_wconf 83' lang='lat' dir='ltr'><strong>impudicitiam:</strong></span> <span class='ocrx_word' id='word_1_196' title='bbox 579 3362 661 3421; x_wconf 76' lang='lat' dir='ltr'><strong>probro</strong></span> <span class='ocrx_word' id='word_1_197' title='bbox 671 3362 766 3418; x_wconf 73' lang='lat' dir='ltr'><strong>eorporis</strong></span> <span class='ocrx_word' id='word_1_198' title='bbox 777 3361 834 3409; x_wconf 81' lang='lat' dir='ltr'><strong>dixit</strong></span> <span class='ocrx_word' id='word_1_199' title='bbox 845 3365 868 3418; x_wconf 83' lang='grc'><strong>6,</strong></span> <span class='ocrx_word' id='word_1_200' title='bbox 878 3365 915 3409; x_wconf 79' lang='grc'><strong>24.</strong></span> 
     </span>
    </p>
   </div>
   <div class='ocr_carea' id='block_1_4' title="bbox 81 3439 962 3563">
    <p class='ocr_par' dir='ltr' id='par_1_5' title="bbox 81 3439 962 3563">
     <span class='ocr_line' id='line_1_31' title="bbox 81 3439 962 3504; baseline 0 -16"><span class='ocrx_word' id='word_1_201' title='bbox 81 3440 84 3441; x_wconf 59' lang='grc'>’</span> <span class='ocrx_word' id='word_1_202' title='bbox 117 3441 252 3490; x_wconf 72' lang='lat' dir='ltr'><strong>Sinerem</strong></span> <span class='ocrx_word' id='word_1_203' title='bbox 262 3444 415 3504; x_wconf 68' lang='lat' dir='ltr'><strong>dbeuiuiaaed</strong></span> <span class='ocrx_word' id='word_1_204' title='bbox 451 3442 521 3489; x_wconf 80' lang='lat' dir='ltr'><strong>iliacis</strong></span> <span class='ocrx_word' id='word_1_205' title='bbox 539 3442 596 3499; x_wconf 85' lang='lat' dir='ltr'><strong>bine,</strong></span> <span class='ocrx_word' id='word_1_206' title='bbox 610 3439 962 3500; x_wconf 80' lang='lat' dir='ltr'><strong>uxoresvulgoadbiberisolitaa</strong></span> 
     </span>
     <span class='ocr_line' id='line_1_32' title="bbox 87 3500 959 3563; baseline 0 -17"><span class='ocrx_word' id='word_1_207' title='bbox 87 3500 234 3547; x_wconf 68' lang='lat' dir='ltr'><strong>adconvtvla.</strong></span> <span class='ocrx_word' id='word_1_208' title='bbox 270 3507 332 3549; x_wconf 69' lang='lat' dir='ltr'><strong>tenu.</strong></span> <span class='ocrx_word' id='word_1_209' title='bbox 345 3503 429 3549; x_wconf 79' lang='lat' dir='ltr'><strong>Probus</strong></span> <span class='ocrx_word' id='word_1_210' title='bbox 438 3502 461 3548; x_wconf 88' lang='lat' dir='ltr'><strong>in</strong></span> <span class='ocrx_word' id='word_1_211' title='bbox 471 3502 541 3563; x_wconf 78' lang='lat' dir='ltr'><strong>praei.</strong></span> <span class='ocrx_word' id='word_1_212' title='bbox 573 3502 647 3555; x_wconf 80' lang='lat' dir='ltr'><strong>Quem</strong></span> <span class='ocrx_word' id='word_1_213' title='bbox 656 3502 717 3549; x_wconf 84' lang='lat' dir='ltr'><strong>enim</strong></span> <span class='ocrx_word' id='word_1_214' title='bbox 729 3501 880 3548; x_wconf 70' lang='lat' dir='ltr'><strong>Romanorum</strong></span> <span class='ocrx_word' id='word_1_215' title='bbox 890 3501 959 3556; x_wconf 80' lang='lat' dir='ltr'><strong>pudet</strong></span> 
     </span>
    </p>
   </div>
   <div class='ocr_carea' id='block_1_5' title="bbox 90 3559 962 3667">
    <p class='ocr_par' dir='ltr' id='par_1_6' title="bbox 90 3559 962 3667">
     <span class='ocr_line' id='line_1_33' title="bbox 90 3559 962 3665; baseline 0.001 -60"><span class='ocrx_word' id='word_1_216' title='bbox 90 3572 180 3665; x_wconf 57' lang='lat' dir='ltr'><strong>mini</strong></span> <span class='ocrx_word' id='word_1_217' title='bbox 196 3562 279 3609; x_wconf 78' lang='lat' dir='ltr'><strong>ducere</strong></span> <span class='ocrx_word' id='word_1_218' title='bbox 287 3562 315 3611; x_wconf 83' lang='lat' dir='ltr'><strong>in</strong></span> <span class='ocrx_word' id='word_1_219' title='bbox 323 3562 469 3611; x_wconf 70' lang='lat' dir='ltr'><strong>andnamt</strong></span> <span class='ocrx_word' id='word_1_220' title='bbox 482 3561 515 3608; x_wconf 81' lang='lat' dir='ltr'><strong>Et</strong></span> <span class='ocrx_word' id='word_1_221' title='bbox 523 3560 577 3633; x_wconf 71' lang='lat' dir='ltr'><strong>olim</strong></span> <span class='ocrx_word' id='word_1_222' title='bbox 587 3561 679 3624; x_wconf 82' lang='lat' dir='ltr'><strong>quidem</strong></span> <span class='ocrx_word' id='word_1_223' title='bbox 692 3560 825 3609; x_wconf 75' lang='lat' dir='ltr'><strong>cubantibus</strong></span> <span class='ocrx_word' id='word_1_224' title='bbox 835 3559 889 3607; x_wconf 85' lang='lat' dir='ltr'><strong>viris</strong></span> <span class='ocrx_word' id='word_1_225' title='bbox 899 3559 962 3606; x_wconf 87' lang='lat' dir='ltr'><strong>sede-</strong></span> 
     </span>
     <span class='ocr_line' id='line_1_34' title="bbox 91 3631 213 3667; baseline 0.016 -3"><span class='ocrx_word' id='word_1_226' title='bbox 91 3631 116 3664; x_wconf 86' lang='lat' dir='ltr'><strong>re</strong></span> <span class='ocrx_word' id='word_1_227' title='bbox 125 3634 150 3665; x_wconf 86' lang='lat' dir='ltr'><strong>so</strong></span> <span class='ocrx_word' id='word_1_228' title='bbox 159 3635 166 3665; x_wconf 86' lang='grc' dir='ltr'>ι</span> <span class='ocrx_word' id='word_1_229' title='bbox 177 3635 213 3667; x_wconf 85' lang='lat' dir='ltr'><strong>ae.</strong></span> 
     </span>
    </p>
   </div>
   <div class='ocr_carea' id='block_1_6' title="bbox 129 3703 565 3771">
    <p class='ocr_par' dir='ltr' id='par_1_7' title="bbox 129 3703 565 3771">
     <span class='ocr_line' id='line_1_35' title="bbox 129 3703 565 3771; baseline 0.005 -15"><span class='ocrx_word' id='word_1_230' title='bbox 129 3718 200 3760; x_wconf 82' lang='lat' dir='ltr'><strong>von.</strong></span> <span class='ocrx_word' id='word_1_231' title='bbox 222 3720 242 3759; x_wconf 82' lang='lat'><strong>1.</strong></span> <span class='ocrx_word' id='word_1_232' title='bbox 344 3766 350 3771; x_wconf 21' lang='grc' dir='ltr'>ι</span> <span class='ocrx_word' id='word_1_233' title='bbox 526 3703 565 3758; x_wconf 75' lang='grc'><strong>24</strong></span> 
     </span>
    </p>
   </div>
   <div class='ocr_carea' id='block_1_7' title="bbox 0 0 1234 4267">
    <p class='ocr_par' dir='ltr' id='par_1_8' title="bbox 0 0 1234 4267">
     <span class='ocr_line' id='line_1_36' title="bbox 0 0 1234 4267; baseline 0 0"><span class='ocrx_word' id='word_1_234' title='bbox 0 0 1234 4267; x_wconf 95' lang='lat' dir='ltr'><strong> </strong></span> 
     </span>
    </p>
   </div>
  </div>
 </body>
</html>
