2459 4267
315 298 389 375 288
547 346 550 355 .
637 322 824 372 sansana
965 340 969 351 ·
1043 286 1208 378 ιιι-Μ

312 498 369 557 pns
388 477 512 546 (ἔνιοί,
531 480 613 538 natta
636 478 817 538 dissensione
835 478 925 546 deni,
944 483 978 538 et
998 488 1091 539 morte
1111 483 1177 538 San·
1207 488 1208 551 t

313 578 409 658 quinti
436 582 558 645 stactes,
590 580 660 637 dona
687 578 815 636 cornuto
843 581 999 647 adventat,
1020 581 1177 638 interiorem

313 678 713 744 camminensem,
731 678 807 734 duce
827 678 1012 737 Gannasco:
1034 681 1083 754 qui
1096 679 1178 736 natio·

312 794 353 838 ns
372 777 562 843 Onninet'aa
585 777 737 835 annitaris
750 784 780 833 et
793 776 843 833 stin
858 778 988 844 meritos,
1012 788 1079 851 post
1094 787 1176 835 trans-

310 874 387 949 iuga,
411 876 524 933 tavibus
545 874 673 948 navigiis
687 875 915 945 praedabnfltua
930 877 1087 935 Gattomm
1105 893 1177 934 max·

310 973 370 1032 nne
388 990 469 1033 oram
491 976 634 1041 uastabat,
657 991 715 1031 non
746 975 873 1047 ignarus,
893 974 971 1032 dites
1006 983 1040 1032 et
1063 977 1177 1033 inbelles

309 1088 383 1131 use.
415 1075 471 1132 -At
489 1073 618 1132 Oorbuto
631 1073 814 1144 provinciam
827 1073 983 1147 hgoessua
999 1092 1106 1161 magny
1118 1090 1177 1132 eun

309 1186 389 1238 uara,
419 1176 450 1229 et
479 1184 550 1232 tnoa
577 1171 680 1245 gioria
713 1172 762 1228 cni
793 1171 965 1244 principium
996 1173 1052 1230 itta
1081 1171 1176 1230 militia

309 1269 374 1338 nit,
407 1272 541 1330 triremes
572 1273 661 1329 atveo
693 1270 800 1335 Rheni,
832 1275 945 1328 ceteras
981 1272 1113 1341 navium,
1147 1274 1175 1326 ut

310 1371 577 1448 quaeque'habitea,
599 1374 653 1442 per*
669 1369 812 1426 aestuaria
828 1377 857 1424 et
873 1369 963 1427 tossas
985 1370 1109 1445 adegit:
1128 1367 1175 1426 tin·

308 1471 456 1542 tabesque
477 1468 603 1525 natium
622 1469 778 1540 depressis,
790 1475 821 1525 et
840 1471 999 1526 exturbato
1012 1470 1174 1535 Gannasco,

307 1566 359 1625 abi
379 1566 543 1639 praesentia
569 1566 641 1629 satis
660 1567 822 1641 composita
850 1574 927 1636 sont,
955 1569 1099 1643 legiones,
1113 1583 1174 1653 ops·

308 1682 370 1724 rum
384 1671 415 1722 et
435 1664 543 1722 tutioris
556 1665 684 1739 ignaras,
706 1667 939 1739 populationibus
953 1669 1111 1734 taetantes,
1129 1682 1173 1722 ve

307 1768 400 1823 tarem
419 1766 456 1822 att
476 1781 586 1822 morena
614 1765 745 1835 reduxit3
766 1784 804 1822 ne
823 1767 887 1841 quis
911 1767 1033 1840 agmine
1060 1765 1173 1824 decede-

309 1874 363 1932 ret,
395 1881 452 1922 nec
485 1882 623 1939 pugnam,
656 1864 714 1922 nisi
734 1866 851 1932 ¹iussus,
884 1866 980 1922 iniret.
1028 1865 1171 1932 stationes,

309 1965 441 2042 vigiiiae,
461 1963 565 2032 diurna
596 1972 794 2039 nocturnaque
825 1966 932 2030 munia,
960 1965 993 2021 in
1015 1964 1103 2022 armis
1121 1962 1173 2036 agi·
1207 1978 1208 1985 ¹

309 2068 452 2123 tabantur.
492 2064 660 2139 Feruntque
679 2063 911 2138 ‘mititem,quia
926 2065 1041 2121 vatium
1056 2079 1113 2121 non
1131 2077 1175 2118 ac·
1206 2020 1209 2120 i

308 2165 452 2231 ‘stanton
465 2167 551 2238 atque
561 2162 660 2227 atium,
672 2161 739 2236 quia
754 2162 880 2235 pugione
894 2168 1008 2218 tantum
1028 2163 1171 2220 accinctas

307 2265 443 2332 ‘toderen
458 2271 550 2321 morte
563 2261 698 2337 punitos)
717 2280 791 2336 quae
806 2263 904 2331 nimia,
924 2271 954 2319 et
974 2264 1121 2323 incertum
1138 2279 1173 2319 an

306 2362 381 2420 iatso
401 2364 489 2427 iacta,
502 2362 644 2436 originem
658 2367 787 2419 tamene
807 2362 965 2419 severitate
987 2364 1084 2421 Ducis
1103 2368 1171 2419 trax·

306 2477 378 2517 eae:
412 2460 613 2536 intentumque
632 2468 663 2518 et
684 2460 797 2535 magnis
816 2461 933 2520 detictis
963 2460 1170 2519 inexorabilem

304 2558 391 2624 scias,
420 2559 470 2615 cut
498 2566 610 2617 tanturn
642 2559 806 2632 asperitatis
826 2560 915 2616 etiam
935 2561 1078 2617 adversm
1098 2557 1170 2616 levia

256 2654 484 2713 l9csudetsatnr.
526 2658 665 2715 Ceterum
690 2658 715 2714 is
738 2664 828 2715 terror
847 2659 955 2715 mitites
969 2659 1124 2733 hostesque
1141 2655 1171 2712 in

304 2755 451 2811 diversum
481 2754 600 2811 adiecit.
631 2773 685 2813 nos
711 2757 848 2814 virtutem
876 2759 1032 2814 auximana
1063 2752 1170 2814 barbari

304 2851 442 2909 ferociam
467 2852 619 2927 infregere.
662 2855 700 2912 Et
724 2855 804 2912 natio
824 2855 983 2912 Frisiorum
1005 2863 1070 2928 post
1084 2855 1169 2911 retici

304 2954 422 3020 tionem,
452 2954 537 3009 clade
568 2954 603 3011 L.
637 2952 760 3025 Apronii
790 2960 935 3025 coeptam,
966 2954 1089 3020 intensa,
1122 2935 1168 3009 ant

304 3055 381 3111 mate
400 3052 467 3118 fida,
499 3051 576 3108 statis
605 3051 753 3108 obsidibus
773 3052 906 3108 consedit
934 3054 1010 3124 apud
1041 3063 1168 3126 agroaa

303 3151 471 3209 Corbulone
490 3151 660 3224 descriptos.
703 3152 785 3207 {dem
806 3151 958 3217 Senatum,
978 3152 1166 3225 magistratus,

303 3250 383 3323 teges
409 3249 546 3321 inposuit.
576 3266 621 3317 ac,
650 3267 687 3305 ne
709 3248 786 3305 iussa
811 3258 965 3313 exuerent,
996 3249 1166 3322 praesidium

302 3346 477 3417 inmuniuit3
498 3348 602 3412 missis,
617 3347 665 3422 qni
687 3347 808 3404 maiores
834 3348 970 3405 Chaucos
990 3350 1028 3405 ad
1050 3345 1165 3416 deditio

299 3459 368 3502 nem
388 3446 571 3518 petticereut,
584 3448 670 3507 simut
684 3445 876 3506 Gannascum
889 3446 959 3504 doto
980 3447 1165 3524 adgrederen-
