2459 4267
1153 5 1202 325 l

280 316 357 388 230
471 314 476 323 ¹
603 338 789 389 anossrvsr
1003 342 1073 391 av.
1087 343 1135 392 rm

279 491 438 565 adoptione
458 491 613 552 Liviomm
633 492 838 568 Iuliorumque,
857 491 1047 553 clarissimae.
1083 492 1141 551 l'ri·

280 604 360 647 mum
384 590 413 648 ei
436 590 652 649 matrimonium
675 596 705 648 et
728 591 814 649 liberi
837 591 916 649 luere
937 610 1007 650 cum
1027 591 1141 649 Tiberio

280 687 410 755 Nerone,
423 688 473 765 qui
487 691 564 748 bello
578 688 718 747 Pemsino
732 689 877 764 prologus,
896 707 970 764 paca
985 690 1063 748 inter
1076 690 1142 748 Ser.

280 784 452 861 Pompeium
478 804 515 845 ac
543 787 707 846 triumviros
740 791 836 861 pacta,
864 787 895 845 in
922 790 1026 847 urbem
1053 786 1141 844 rediit.

164 904 166 911 ⁴
279 882 361 943 Exin
375 886 485 944 Caesar
496 885 632 959 cupidine
645 885 754 943 lormae
768 886 859 944 aufert
877 886 993 954 marito,
1006 887 1143 944 incertum
1214 868 1216 943 Ϊ

277 998 319 1041 an
343 983 483 1063 invitam3
512 984 587 1040 adeo
613 1001 761 1057 properus,
784 988 825 1052 ut,
849 1003 888 1053 ne
911 986 1011 1059 spatio
1034 986 1141 1060 quidem
1215 988 1216 1007 ³

278 1081 315 1137 ad
329 1077 498 1139 enitendum
511 1082 590 1151 dato,
609 1082 769 1143 Penatibus
782 1083 842 1141 suis
859 1083 1015 1159 gravidam
1029 1085 1142 1141 induxe-

277 1177 324 1236 rit.
365 1179 486 1237 Nullam
507 1181 629 1254 posthac
650 1183 781 1240 subolem
799 1182 908 1239 edidit:
935 1184 999 1249 sed,
1013 1180 1141 1257 sanguipi

277 1277 414 1352 Augusti,
428 1296 480 1352 per
489 1279 728 1339 coniunctionem
741 1279 921 1355 Agrippinae
931 1285 963 1337 et
974 1278 1141 1341 Germanici
1218 1276 1219 1279 ’

276 1377 403 1445 adnexa,
429 1396 599 1438 communes
613 1386 799 1454 ⁸pronepotes
825 1380 935 1438 babuit.
978 1381 1140 1440 Sanctitate
1218 1458 1219 1461 Ἴ

275 1475 377 1534 domus
393 1477 517 1549 priscum
532 1479 569 1534 ad
590 1496 710 1547 morem,
723 1478 816 1536 comis
830 1482 905 1536 ultra
918 1497 1006 1554 quam
1019 1476 1139 1554 antiquis
1214 1474 1218 1513 ⁷

276 1572 392 1632 leminis
413 1577 574 1647 probatum,
599 1583 693 1634 mater
718 1577 864 1650 inpotens,
888 1596 963 1635 uxor
984 1579 1090 1645 lacilis,
1112 1579 1141 1632 et
1212 1534 1219 1671 i

275 1673 464 1731 camertibus
479 1673 584 1741 mariti,
601 1674 788 1733 simulatione
802 1675 863 1742 titii,
884 1678 958 1733 bene
972 1675 1140 1751 composita.
1212 1674 1219 1815 1

276 1772 377 1829 Funus
390 1772 452 1830 eius
473 1773 630 1841 modicum,
651 1779 857 1831 testamentum
877 1774 928 1831 diu
948 1775 1069 1834 inritum
1083 1773 1140 1830 luit.
1216 1824 1218 1851 ,

275 1871 392 1929 laudata
406 1877 451 1930 est
472 1889 523 1946 pro
547 1871 644 1930 rostris
665 1890 684 1930 a
704 1872 740 1930 C.
754 1873 881 1930 (laesere
904 1880 1074 1947 pronepote,
1094 1868 1140 1947 qui
1216 1862 1217 1865 ’

243 1969 453 2029 bmoxrerum
471 1970 577 2045 potitus
591 1978 645 2027 est.
687 1972 729 2028 At
750 1970 897 2036 Tiberius,
911 1972 987 2046 quod
1001 1969 1139 2044 supremis
1217 2044 1218 2053 ἵ

275 2069 307 2127 in
322 2077 443 2128 matrem
456 2068 559 2128 officiis
572 2069 720 2136 defuisset,
741 2069 815 2126 nibil
835 2074 946 2127 mutata
964 2058 1140 2127 amoenitate
1214 2128 1219 2163 ,

274 2165 364 2238 vitae,
376 2168 596 2246 magnitudinem
609 2166 782 2244 negotionem
795 2186 846 2243 per
860 2168 959 2225 literas
969 2167 1139 2225 excusavit:
1215 2170 1221 2223 l

272 2268 453 2345 honoresque
469 2269 624 2328 memoriae
638 2268 699 2325 eius
717 2269 755 2324 ab
776 2268 887 2324 Senatu
905 2269 986 2341 large
997 2269 1139 2332 decretos,

272 2368 355 2441 quasi
379 2387 431 2442 per
448 2369 628 2441 modestiam,
651 2354 797 2434 iumiurirt,
817 2365 916 2439 paucis
930 2367 1085 2423 admodum
1099 2382 1139 2422 re·

271 2468 375 2540 ceptis,
389 2474 419 2524 et
432 2468 541 2534 addito,
559 2485 594 2523 uc
612 2463 738 2523 adeledis
756 2462 860 2539 religio
872 2462 1079 2521 mmmmm:
1098 2461 1136 2520 sic

270 2562 362 2638 mensu
373 2563 519 2621 moluisse.
529 2565 598 2638 quio
613 2571 643 2622 et
658 2570 739 2638 parte
749 2563 879 2621 eiusdem
895 2563 1036 2634 epistolae
1047 2563 1138 2619 incre·

270 2662 332 2734 puit
354 2660 496 2719 arantino
521 2661 678 2729 muliebres,
704 2663 819 2720 Fufium
840 2663 1000 2720 Consulem
1020 2662 1133 2736 oblique
1214 2642 1219 2661 ¹

269 2762 473 2833 perstringens.
525 2763 555 2818 ls
581 2761 675 2833 gratia
706 2764 855 2835 Augustae
883 2760 1026 2827 floruerat,
1054 2767 1133 2833 aptus
1220 2780 1221 2783 ¹

269 2858 442 2916 adliciendis
463 2859 634 2917 laminarum
653 2861 776 2931 saiutis3
797 2862 884 2918 dicax
900 2861 987 2922 idem,
1002 2867 1031 2915 et
1048 2858 1134 2915 Tibe·

147 2952 154 2957 “
269 2959 342 3017 rium
367 2960 479 3016 acerbis
502 2959 617 3016 lacetlis
641 2960 766 3017 inridere
788 2962 900 3026 solitus,
920 2968 1041 3033 quarum
1060 2955 1132 3030 apud
1220 3026 1221 3029 Ἴ

238 3066 473 3134 3praepotentes
492 3061 522 3117 in
543 3063 661 3135 longum
686 3059 823 3116 memoria
843 3064 896 3115 est.
937 3058 1077 3114 Ceterum
1098 3071 1135 3112 ex

268 3178 306 3218 eo
321 3169 471 3235 praerupta
486 3160 544 3218 iam
557 3164 588 3217 et
601 3177 706 3234 urgens
719 3157 888 3215 dominatio.
903 3173 981 3221 uam,
995 3152 1136 3212 incolumi

270 3263 413 3334 Augusta,
435 3266 496 3318 erat
517 3262 612 3318 adhuc
632 3258 807 3333 perfugium
829 3258 895 3333 quia
917 3256 1042 3312 Tiberio
1056 3254 1136 3312 inve·

268 3364 392 3418 teratum
406 3378 474 3435 erga
493 3366 614 3418 matrem
635 3359 812 3432 obsequium,
832 3374 925 3430 neque
949 3354 1076 3433 Seianus
1090 3370 1136 3411 au·

296 3511 411 3572 Ssngrsiai
430 3515 538 3574 Augusti]
570 3513 629 3560 Nam
647 3511 792 3560 Germanicus
811 3493 1069 3569 bossemannus
1087 3518 1137 3556 aas*

266 3569 326 3625 gui„
345 3572 467 3637 Agrippina
477 3589 505 3621 es
515 3573 579 3631 lulis,
590 3573 677 3634 sanguis
687 3571 792 3631 nurum.
820 3570 893 3629 Lice„
