2459 4267
85 291 147 340 sc.
163 294 212 339 rs
302 290 429 339 ulnis.
468 290 549 342 car.
566 268 737 339 tto-m.
863 275 935 346 ltu

79 444 127 503 nisi
139 444 271 520 agrestia,
290 446 329 503 ad
350 446 477 504 subitum
498 464 581 505 urum
602 453 766 521 properata.
780 453 812 505 ut
826 466 934 508 uenere

79 541 220 625 iubmanus,
239 563 300 602 non
322 548 394 602 uitra
409 546 581 611 dubitatum,
600 564 686 620 quum
700 550 769 604 dum
784 548 934 605 Romarm

78 642 196 700 cohortes
209 643 240 700 in
254 661 378 718 aequum
394 644 580 702 eniterentur.
591 653 708 702 vertunt
723 655 803 719 terga
815 646 935 713 Cilices,

79 757 154 814 seque
187 742 321 799 castello
354 744 500 799 claudunt.
543 745 665 800 Interim
698 743 766 800 Piso
800 747 983 813 classemiil

77 837 142 895 haud
155 842 252 912 procui
267 841 480 913 opperientem,
493 843 658 914 adpugnare
673 841 773 898 irustra
788 843 934 902 tentavit:

76 923 263 1012 regressusque
277 946 310 996 et
332 958 387 1013 pro
408 940 508 1006 muris,
523 943 608 996 modo
632 948 725 997 semet
747 942 935 1012 addictando,

73 1038 150 1092 modo
166 1038 293 1111 singulos
318 1041 438 1095 nomine
462 1039 555 1104 ciens,
577 1040 712 1111 praemiis
728 1058 845 1107 vocans,
860 1040 934 1099 sedi·

73 1133 171 1192 tionem
193 1138 371 1209 coeptabatr
391 1139 522 1211 adeoque
547 1145 756 1202 commoverat,
770 1146 799 1196 ut
814 1140 933 1212 signiter

74 1234 187 1306 legionis
209 1242 314 1292 sextae
339 1235 454 1310 siguum
478 1236 515 1291 ad
539 1252 605 1291 eum
625 1237 810 1296 transtrderit.
853 1238 933 1296 Tum

75 1330 182 1400 Sentius
196 1316 368 1392 “occanere
382 1351 491 1391 cornua
505 1337 656 1408 tubasque,
669 1340 699 1390 et
715 1335 774 1406 peti
787 1353 932 1410 aggerem,

76 1432 160 1505 ‘erigi
185 1431 288 1490 scalas'
316 1432 411 1499 iussit,
438 1440 495 1489 ‘ac
523 1433 767 1506 promptissimum
788 1452 931 1510 quemque

74 1532 260 1606 ‘succedere3
294 1532 370 1589 aiios
394 1533 544 1588 tormentis
572 1534 680 1597 hastas,
703 1551 775 1589 saxa
798 1540 829 1589 et
851 1534 931 1590 iaces

74 1626 234 1702 ‘ingerere’
275 1630 425 1696 Tandem,
436 1632 521 1704 ¹victa
544 1631 714 1703 pertinacia,
729 1631 799 1688 Piso
825 1632 931 1702 oravit,

76 1727 131 1783 ‘uti
143 1717 253 1800 traditis
267 1730 358 1786 armis
374 1737 504 1786 maneret
520 1730 556 1785 in
580 1732 712 1797 castelio,
725 1731 794 1787 dum
814 1731 932 1802 Caesar,

75 1827 134 1883 ‘cui
149 1829 260 1901 Syriam
277 1830 469 1901 permitteret,
482 1826 661 1888 consulitur)
702 1830 728 1885 N
732 1847 771 1886 on
795 1836 931 1904 receptae

76 1925 258 1984 conditiones:
298 1944 354 1984 nec
381 1927 469 1992 atiud,
493 1945 579 2001 quam
607 1944 699 1984 naves
726 1933 755 1984 et
782 1933 875 1984 tutum
899 1927 929 1984 in

76 2024 162 2079 urbem
186 2025 240 2083 iter
267 2042 443 2083 concessum
468 2032 521 2081 est.
566 2029 605 2083 At
635 2027 755 2091 Romae,
781 2022 982 2098 postquam82

77 2118 232 2181 Germanici
260 2126 401 2181 valetudo
435 2125 606 2196 percrebuit,
634 2130 808 2197 cunctaque,
835 2130 865 2179 ut
892 2139 931 2179 ex
1036 2197 1038 2202 Ι

76 2219 225 2308 longinquo,
239 2230 330 2282 aucta
343 2223 374 2279 in
396 2221 527 2282 deterius
539 2222 751 2286 adferebantur,
764 2221 856 2286 dolor,
870 2220 930 2277 ira:

76 2322 102 2373 et
113 2324 296 2396 erumpebant
309 2326 444 2398 questus:
465 2328 473 2352 ‘
487 2323 564 2378 ideo.
581 2319 716 2378 nimirum
730 2319 761 2376 in
785 2325 932 2376 extremas

76 2421 175 2474 ‘terrae
188 2424 365 2496 relegatum:
385 2420 453 2477 ideo
478 2419 578 2476 Pisoni
604 2419 773 2491 permissam
787 2417 932 2491 provinci-

74 2517 151 2572 “am:
172 2518 226 2576 hoo
248 2518 346 2593 egisse
367 2525 495 2575 secretos
523 2519 671 2590 Augustae
696 2534 763 2574 cum
789 2516 932 2575 Pteucina

74 2615 249 2676 ‘sermonesr
271 2635 343 2675 vera
357 2635 469 2690 prorsus
483 2618 520 2672 de
536 2617 631 2672 Druso
651 2617 779 2674 seniores
800 2619 930 2675 iocutou

74 2711 238 2786 ‘displicere
275 2715 462 2790 regnantibus
495 2713 598 2790 civiiia
632 2715 754 2772 fitiorum
789 2716 929 2790 ingenia:

73 2812 178 2885 ‘neque
204 2817 243 2872 ob
266 2815 345 2872 aliud
372 2814 560 2886 interceptus,
584 2830 669 2887 quam
694 2814 762 2888 quia
788 2813 930 2888 Populum

74 2908 250 2970 ‘Romanum
264 2930 358 2988 aequo
371 2912 432 2969 iure
456 2911 623 2982 complecti,
647 2913 759 2968 reddita
784 2912 928 2979 libertate,

71 3008 278 3078 ‘agitaverint'
320 3012 381 3067 Hos
392 3009 473 3083 vulgi
484 3027 633 3065 sermones
647 3009 744 3092 audita
766 3026 840 3065 mors
856 3009 931 3064 adeo

72 3101 202 3173 incendit,
217 3117 248 3166 ut
263 3089 332 3165 ante
353 3108 480 3165 edictum
504 3110 732 3181 magistratuum,
746 3111 814 3162 ante
841 3107 931 3161 Sena·

73 3206 112 3258 tus
137 3209 311 3274 consultum,
338 3213 452 3280 sumpto
479 3205 599 3288 iustitio,
627 3206 829 3261 desererentur
861 3201 930 3271 sora,
1032 3229 1036 3234 ·

98 3397 203 3447 Occursare
222 3379 326 3463 cornuulr
357 3402 451 3449 Ooeuite
468 3404 592 3461 surreptum
611 3396 718 3444 Sallustio
734 3398 775 3448 est,
796 3394 864 3442 lustu
884 3391 932 3438 Mr-

71 3455 243 3561 ffinmteim
257 3476 384 3510 munnere.
414 3461 476 3518 laps.
509 3461 623 3519 tairago.
639 3456 670 3504 H.
684 3458 703 3504 1.
721 3458 803 3516 patr.
819 3451 932 3548 ediiort.
