2459 4267
107 404 239 452 aear.
320 404 391 451 arn.
418 403 491 484 111..
519 404 598 452 car.
621 369 794 451 'ss-33.
909 384 978 452 147
1054 467 1058 474 ι

107 556 223 624 ‘natis
251 557 372 615 docuitr'
388 557 554 633 iudicioque
578 557 696 614 Patrum
720 543 906 632 deligendum
930 576 982 631 pro

111 660 122 688 ⁴
135 657 268 713 Consule
282 674 401 730 gnarum
416 656 548 722 militiae,
571 674 692 728 corpore
707 657 835 712 validum
849 663 880 712 et
904 659 982 715 bello

108 753 340 830 ‘suffecturum'
358 757 434 830 quod
448 755 564 812 initium
585 757 657 812 Sex.
673 754 827 828 Pompeius
851 755 981 829 agitandi

108 855 255 911 adversus
279 854 321 910 Μ.
346 854 491 925 Lepidum
511 853 712 920 osliinactus,
739 858 793 911 ‘ut
820 856 983 924 socordem,

108 958 121 985 ⁴
136 952 266 1024 inopem,
280 960 309 1011 et
324 952 480 1009 maioribus
493 952 553 1007 suis
572 952 756 1017 dedecorum,
779 969 871 1026 eoque
892 952 983 1011 etiam

108 1056 120 1085 ⁴
139 1052 231 1109 Asiae
245 1058 320 1108 sorte
334 1050 559 1122 depellendum?
578 1051 735 1118 incusavit,
753 1052 877 1108 adverso
892 1035 983 1110 Sena·

109 1155 155 1217 to,
171 1150 219 1223 qni
234 1148 394 1222 ‘Lepidum
416 1152 517 1206 mitem
541 1150 643 1222 magis,
664 1137 749 1224 qisam
772 1150 920 1223 ignavum,
935 1169 983 1223 pa·

109 1257 121 1284 ⁴
136 1256 237 1307 ternas
250 1249 278 1305 ei
289 1248 445 1323 angustias,
454 1255 483 1304 et
493 1249 676 1306 nobilitatem
690 1249 754 1305 sine
765 1250 867 1320 probro
876 1255 982 1318 actam,

109 1353 122 1381 ⁴
138 1349 243 1404 honori
257 1366 341 1421 qnam
356 1345 534 1421 ignominiae
555 1344 728 1403 habendnm’
750 1348 884 1426 ducebat.
924 1350 983 1422 lgi-

110 1453 163 1505 tnr
178 1448 279 1504 missus
290 1447 321 1503 in
347 1446 460 1503 Asiam.
500 1447 540 1503 Et
555 1446 610 1502 ‘de
634 1444 745 1503 Africa'
758 1431 916 1514 decretum,
931 1454 938 1480 ⁴
951 1453 982 1505 ut

100 1554 121 1582 ‘⁴
137 1549 250 1606 Caesar
270 1548 389 1619 legeret,
411 1545 460 1602 eui
482 1545 646 1601 mandanda
669 1523 765 1602 l'oretf
802 1545 893 1602 inter*
909 1550 1035 1620 quae33

114 1648 246 1706 Severus
261 1643 391 1702 Caecina
404 1644 528 1708 censuit,
541 1650 550 1675 ⁴
564 1644 600 1700 n'e
615 1662 699 1718 quem
713 1644 920 1717 magistratum,
933 1646 983 1703 cni

109 1742 292 1819 ‘provincia
318 1742 496 1825 obvenisset,
521 1759 595 1798 uxor
621 1741 833 1812 comitaretur3’
861 1745 982 1801 multum

2 1826 3 1857 r
112 1849 189 1901 ante
199 1842 333 1915 repetito,
354 1840 547 1898 ‘concordem
559 1839 615 1896 sibi
628 1840 792 1915 coniugem,
805 1833 835 1900 et
849 1859 902 1900 sex
922 1860 982 1916 par·

111 1947 189 1999 ‘tus
215 1942 354 1998 enisam:
387 1955 485 2014 seque,
505 1957 579 2014 qnae
606 1940 637 1996 in
649 1973 653 1986 κ
667 1939 813 2013 publicum
834 1945 982 2009 statueret,

112 2041 221 2098 ‘domi
235 2039 408 2112 servavisse,
430 2038 560 2095 cohibita
573 2040 650 2096 intra
672 2039 797 2106 ltaliam,
811 2055 982 2113 quamquam

2 2126 3 2145 ³
107 2148 126 2176 ⁴
138 2141 205 2216 ipse
228 2139 316 2213 pluris
340 2157 391 2211 per
416 2138 584 2211 provincias
620 2136 809 2212 qnadraginta
836 2135 983 2208 stipendia

109 2221 330 2307 ‘expleiisset
371 2234 457 2290 Haud
472 2233 550 2290 enim
573 2232 677 2290 trustra
690 2232 828 2305 placitum
852 2233 931 2300 otim,
946 2252 983 2292 ne

110 2343 121 2370 ⁴
137 2333 265 2392 lemicae
279 2333 310 2390 in
324 2331 419 2388 socios
432 2337 482 2389 aut
501 2337 606 2406 gentes
629 2338 765 2388 externas
786 2331 982 2390 traherentur:

104 2443 117 2469 ‘
133 2434 234 2490 inesse
247 2431 399 2489 mulierum
423 2431 583 2498 comitatui,
602 2448 677 2505 quae
699 2447 801 2503 paoem
824 2430 903 2499 lusu,
925 2433 984 2489 bel·

2 2588 4 2603 ,
109 2535 201 2590 ⁴lum
223 2530 376 2589 formidine
400 2537 554 2598 morentur,
575 2534 606 2586 et
631 2530 794 2587 Romanum
817 2545 922 2605 agmen
945 2531 983 2589 au

2 2614 4 2647 ³
111 2629 361 2700 ⁴similitudinem
389 2628 502 2685 barbari
528 2629 659 2686 incessus
687 2636 872 2690 convertant.
913 2632 983 2690 Non
1048 2673 1064 2694 ,

109 2728 321 2786 ⁴imbecillum
344 2732 455 2783 tantum
477 2734 507 2784 et
532 2727 672 2800 imparem
698 2730 843 2788 laboribus
871 2748 983 2798 sexum,

2 2818 3 2851 ³
110 2835 121 2862 ⁴
137 2828 202 2893 sed,
215 2826 240 2883 si
254 2825 374 2882 lieentia
388 2827 472 2891 adsit,
486 2843 615 2890 saevum,
629 2826 821 2897 ambitiosum,
832 2825 983 2902 potestatis

112 2926 278 2983 ‘avidums
299 2925 429 2980 incidere
453 2923 530 2980 inter
554 2924 671 2991 milites,
690 2925 795 2983 hahere
815 2929 852 2984 ad
867 2944 984 2987 manum

112 3031 123 3058 ⁴
140 3023 353 3081 Centuriones:
375 3023 552 3094 praesedisse
577 3042 668 3096 nuper
689 3024 827 3081 seminam
840 3023 985 3080 exercitio

112 3130 123 3157 ⁴
138 3122 313 3186 cohortium,
326 3122 449 3178 decursu
462 3121 617 3195 legionum.
659 3106 828 3195 Cogitamnt
840 3121 905 3193 ipsi,
919 3137 988 3190 quo

112 3229 122 3256 ⁴
139 3223 218 3278 tiens
233 3220 455 3293 repetundarum
469 3219 559 3294 aliqui
582 3206 776 3294 arguerentur,
797 3221 878 3291 ptura
892 3217 987 3273 uxori·

112 3327 123 3355 ⁴
138 3322 194 3378 bns
214 3319 375 3378 obiectari:
403 3320 447 3375 his
461 3320 559 3376 statim
580 3320 787 3375 adhaerescere
801 3315 987 3372 deterrimum

112 3426 284 3492 ‘quemque
308 3417 551 3491 provincialium:
579 3419 624 3484 ah
651 3417 697 3473 his
725 3415 842 3489 negotia
869 3413 988 3485 suscipi,

114 3524 125 3551 ⁴
138 3515 280 3589 transigi:
302 3518 420 3573 duorum
434 3534 564 3589 egressus
578 3516 647 3582 coli,
668 3516 726 3571 duo
747 3531 811 3571 esse
826 3511 987 3586 praetoria:

2 3656 3 3663 ,
105 3623 122 3678 ,ὅ
138 3599 345 3696 pervicacibus
374 3616 466 3691 magis
488 3619 519 3672 et
540 3613 748 3688 impotentibus
768 3612 920 3676 mulierum
933 3609 989 3668 iust-
