2459 4267
95 328 129 377 a
145 326 229 375 cm.
354 323 424 374 arn.
449 325 498 377 vr.
548 325 628 385 aas.
665 302 699 372 6.
716 304 751 372 7.
899 304 973 375 243

99 480 283 546 verberum,
296 478 339 543 iu
350 479 486 550 saevitia,
499 478 632 552 libidine,
650 461 735 543 maru
748 478 899 546 consuitis,
912 480 975 537 ani·

97 597 166 641 mus
198 579 382 641 dilaceratur.
422 580 528 655 qnippe
567 579 722 639 Tiberium
757 596 816 637 non
842 570 973 645 iortuaa,

97 696 164 738 non
190 678 363 741 solitudines
389 680 590 755 protegebant,
616 679 686 755 quin
708 683 853 737 tormenta
875 684 972 752 pecto

97 775 141 837 ris
156 795 279 853 suasque
299 778 363 851 ipae
383 796 493 852 poenas
515 780 662 837 fateretur.
705 779 795 847 Tum,
819 777 897 835 tacta
920 768 1005 835 Pas-t

98 876 195 937 tribus
219 881 363 951 potestate
384 877 531 937 statuendi
553 879 591 937 de
614 877 808 936 ‘Caeciliano
823 878 974 946 Senatore,

97 975 171 1050 ‘qni
181 976 304 1050 piurima
316 977 471 1037 adveranm
486 977 605 1041 Guttam
617 976 813 1050 prompserat,’
825 977 973 1049 placitum,

97 1076 245 1133 ‘munem
273 1093 397 1148 poenam
421 1076 557 1150 inrogari,
584 1094 672 1151 quam
694 1075 726 1133 in
759 1075 915 1135 Aruseium
942 1080 974 1131 et

98 1174 324 1248 ‘Sanquinium
333 1180 519 1235 accusatores
529 1176 564 1233 L.
588 1173 738 1243 Arruntii,'
753 1193 809 1248 quo
823 1192 882 1232 non
893 1174 972 1233 atiud

100 1272 590 1343 imporificentiuonttaeevenitr
610 1273 660 1348 qui
671 1273 777 1331 nobilia
785 1273 910 1347 quidem,
921 1273 973 1330 sed

99 1389 194 1446 egens
208 1373 245 1431 ub
259 1373 368 1438 iusum,
382 1371 558 1446 pertingitis
572 1372 698 1443 intumis,
712 1370 903 1429 sanctissimis
919 1372 972 1428 Ar·

97 1470 192 1531 runtii
204 1467 313 1531 artibus
325 1470 470 1546 dignitate
485 1471 605 1533 ultionis
619 1474 803 1548 aequabatur.
846 1469 971 1542 Quintus

100 1569 250 1633 Servaem
261 1570 389 1643 posthac,
400 1570 584 1628 etMinutius
597 1571 743 1630 Thermus
754 1571 883 1629 inductis
906 1571 971 1626 Ser·

98 1685 203 1735 vacus,
234 1668 373 1727 Praetura
405 1668 531 1738 innotus,
561 1676 592 1727 et
621 1671 765 1743 quondam
799 1668 970 1727 Germanici

98 1784 217 1829 sumes:
253 1767 409 1839 Minucius,
435 1769 571 1843 Equestri
598 1771 682 1840 loco;
713 1769 843 1825 modeste
871 1767 970 1825 habita

29 1874 33 1895 ⁸
100 1865 205 1927 Seiani
225 1865 371 1925 amicitia:
392 1868 468 1925 uude
493 1867 552 1927 iiiia
579 1868 672 1929 maior
692 1867 847 1925 miseratio.
868 1872 971 1924 contra

101 1964 250 2030 Tiberius,
273 1963 438 2040 prmoipuos
458 1964 499 2025 ud
516 1964 622 2023 embra
634 1967 800 2040 increpans,
821 1965 970 2023 admonuit

100 2064 138 2123 C.
149 2063 281 2125 Cestium
290 2070 410 2137 patrem,
421 2062 510 2123 umere
519 2062 643 2131 Serum,
652 2080 723 2141 quae
731 2062 786 2121 sibi
795 2061 970 2140 scripsisset:

98 2162 285 2238 suscepitque
297 2162 414 2225 Cestius
425 2163 651 2222 accusationem.
671 2165 747 2238 quod
761 2164 889 2227 maxime
909 2164 963 2220 exi

98 2264 203 2325 tiabite
218 2267 309 2325 tatere
322 2265 375 2321 ilia
388 2270 528 2337 tempora,
542 2282 609 2322 cum
634 2263 772 2338 primores
788 2263 912 2319 Senatus
927 2261 969 2319 in·

99 2365 183 2424 fimas
197 2365 286 2423 etiam
299 2364 462 2423 delationes
471 2370 653 2432 exercerent,
666 2362 717 2421 aiii
732 2363 888 2435 propalam,
899 2363 969 2419 mut·

101 2463 124 2522 ti
138 2482 189 2536 per
212 2466 375 2525 mcultnm:
399 2481 493 2537 neque
519 2463 700 2524 discerneres
723 2463 836 2521 alienos
860 2479 878 2517 a
900 2478 968 2518 cun·

98 2562 218 2628 inruetis,
228 2563 339 2621 amicos
352 2563 390 2619 ab
403 2561 521 2634 ignotis,
535 2561 603 2635 quid
624 2579 737 2635 repens,
751 2566 800 2618 sut
823 2565 969 2620 vetustate

96 2665 270 2720 obscurum:
293 2661 422 2733 perinde,
436 2660 466 2721 in
483 2660 551 2728 turo,
563 2661 593 2719 in
605 2661 756 2729 convivio,
766 2679 877 2738 quaqua
891 2663 928 2719 de
937 2679 968 2719 rc

96 2761 200 2828 locuti,
212 2760 428 2825 incusabantur,
442 2764 474 2816 ut
494 2759 557 2834 quis
581 2761 752 2834 praevenire
777 2767 807 2819 et
826 2779 906 2819 reum
920 2761 967 2817 de·

96 2860 209 2917 stinare
221 2865 370 2932 properam
391 2876 456 2931 pars
469 2860 506 2915 nd
520 2860 678 2919 subsidium
689 2861 743 2925 sui,
757 2862 851 2933 plures
865 2857 968 2918 intecti

97 2957 182 3033 quasi
207 2955 377 3015 valetudine
391 2965 418 3015 et
434 2965 581 3017 contactu.
624 2961 683 3018 Sed
696 2959 844 3017 Minucius
858 2966 887 3015 et
903 2959 966 3015 Ser·

97 3075 191 3114 vaeus
214 3056 347 3113 damnati
365 3056 510 3115 indicibus
524 3073 684 3115 accessere.
726 3057 885 3129 Tractique
899 3062 967 3113 stunt

94 3156 127 3214 in
141 3172 243 3213 casum
257 3156 383 3214 eundern
395 3157 486 3213 lulius
502 3155 695 3223 Africanus,e
712 3153 859 3220 Santonis,
874 3152 966 3208 Galli·

95 3272 133 3313 ca
146 3254 281 3321 civitate,
307 3255 392 3312 Seius
418 3255 599 3327 Quadratus:
620 3252 761 3325 originem
783 3269 842 3308 nun
864 3251 966 3322 reperi.

93 3354 200 3427 Neque
221 3371 287 3411 sum
309 3353 435 3427 ignarus,
455 3371 473 3410 a
495 3351 637 3426 plerisque
659 3348 846 3423 scriptoribus
859 3347 967 3407 omissa

5 3444 9 3454 ⁸
95 3454 251 3510 multorum
267 3452 395 3526 pericula
417 3458 447 3508 et
469 3468 587 3526 menna,
610 3451 680 3511 dom
707 3448 793 3522 copia
819 3447 966 3517 fatiscunt,

93 3558 155 3627 aut,
168 3569 245 3627 quaa
259 3551 331 3624 ipsis
346 3550 436 3609 nimia
450 3549 730 3617 etmaestatuerant,
740 3567 777 3608 ne
792 3546 854 3622 pari
869 3547 967 3606 taedio

95 3649 408 3720 tecturosauncerenr,
422 3654 567 3708 verentur.
608 3648 703 3709 Nobis
727 3651 863 3725 pleraque
878 3644 969 3718 digna
