2459 4267
300 334 374 402 324
627 349 813 399 ananum
1029 354 1057 402 a.
1073 351 1105 403 v.
1120 358 1176 406 aas.

299 511 549 580 ‘rorumeorpora
568 504 746 564 retinerent?
786 506 871 565 Haec
885 509 974 581 atque
987 507 1057 565 talia
1070 507 1174 566 dicen·

298 605 335 669 u,
356 607 521 680 sdrtrepere
549 607 669 680 vulgus3
690 604 793 678 gentili
812 605 934 679 quisque
957 606 1100 683 religione
1122 609 1173 663 ob·

247 701 413 779 distringi,
423 722 479 762 ass
495 702 632 770 tetiam
645 701 805 760 nehemias
817 719 954 760 cessurae.
996 705 1170 778 Obstupefe-

299 804 343 863 cll
366 820 402 861 ea
424 803 561 860 alacritas
582 803 700 860 Ducem
723 803 905 860 Romanurn:
926 802 1013 863 simul
1038 804 1171 862 obiectus

299 903 403 968 emnia,
422 901 552 958 additum
577 902 697 965 vallum,
723 901 900 958 inminentis
923 902 1001 974 iuga,
1014 903 1089 960 nihil
1111 903 1169 961 nisi

297 1007 383 1058 atrox
410 1004 441 1056 et
468 999 728 1072 propugnatoribus
749 1000 893 1074 frequens,
920 1002 1057 1057 terrebat.
1111 1003 1169 1059 Sed

296 1099 382 1157 miles
405 1098 547 1172 proelium
574 1115 705 1171 poscere,
718 1103 817 1155 orado
842 1096 941 1155 mnata
961 1097 1170 1174 apguabilia,

296 1196 459 1263 clamitare,
473 1196 676 1270 Praefectique
689 1213 725 1252 ac
739 1196 869 1253 Tribuni
887 1197 968 1269 paria
981 1198 1169 1267 (inserentes,

298 1297 431 1355 ardorem
443 1296 593 1354 exercitus
612 1295 819 1353 incendebant.
860 1294 940 1351 Tum
959 1295 1101 1364 Ostorius,
1116 1297 1169 1353 cir·

298 1395 487 1467 cumspectis,
519 1411 593 1468 quae
625 1391 859 1465 inpenetrabilia,
891 1410 1023 1467 quaeque
1058 1393 1169 1466 pervia,

298 1492 378 1549 ducit
405 1491 545 1557 intensos,
570 1508 744 1565 amnemque
770 1491 848 1548 baud
874 1490 1031 1549 difficulter
1057 1492 1167 1550 evadit.

298 1589 361 1647 Vbi
376 1601 496 1647 venturu
510 1592 547 1646 ad
561 1590 707 1663 aggerem,
722 1591 790 1647 dum
809 1588 966 1647 missilibus
993 1593 1168 1660 certabatur,

296 1691 362 1763 plus
377 1690 528 1746 vulnerum
545 1689 577 1745 in
592 1706 656 1755 nos,
677 1695 707 1744 et
722 1691 875 1762 pleraeque
907 1689 1015 1745 caedes
1035 1689 1167 1746 orieban·
1216 1734 1225 1767 ,

298 1793 353 1846 tur.
395 1788 598 1860 Posteaquam,
611 1786 690 1843 iacta
704 1786 860 1850 testudine,
875 1786 960 1843 rudes
979 1792 1010 1843 et
1030 1786 1167 1845 intormes

297 1903 433 1947 saxorum
452 1902 608 1959 compages
622 1885 789 1951 dbtrsctae,
802 1902 909 1959 parque
931 1884 1066 1943 cominm
1079 1886 1165 1954 acies,

296 1987 440 2045 decedere
460 1983 576 2041 barbari
589 1985 619 2040 in
633 1983 699 2056 iuga
722 1983 872 2041 montium.
914 1984 974 2040 Sed
992 2001 1030 2041 eo
1052 2001 1166 2059 quoqne

298 2085 433 2159 inrupere
459 2081 629 2140 ferentarius
652 2081 807 2156 gravisque
831 2082 931 2139 miles:
953 2083 997 2139 illi
1031 2084 1100 2141 telis
1119 2083 1164 2139 ad·

296 2186 449 2249 saltantes,
468 2181 501 2237 bi
521 2185 657 2237 conserto
683 2181 793 2253 gradu:
827 2180 947 2238 turbatis
972 2187 1075 2239 contra
1105 2180 1165 2238 Bri·
1224 2204 1225 2227 ι

299 2287 452 2341 tannmum
464 2280 622 2346 ordinibus,
642 2280 717 2352 apud
745 2296 816 2353 quos
839 2281 918 2337 nulla
939 2280 1096 2338 loricarum
1118 2297 1164 2356 ga·
1224 2274 1225 2291 ³

296 2381 446 2438 tearumve
480 2379 618 2452 tegmina,
644 2385 684 2444 et,
704 2377 730 2435 si
763 2378 952 2436 auxiliaribus
987 2381 1163 2449 resisterent,
1224 2358 1225 2425 ἕ

294 2478 402 2552 gladiis
421 2493 458 2534 ac
468 2477 535 2550 pilis
556 2475 797 2550 legionariorum:
819 2478 845 2534 si
856 2479 913 2535 buc
928 2484 1086 2551 verterent,
1100 2495 1163 2553 sps·

296 2575 355 2630 this
367 2582 397 2632 et
408 2574 498 2632 hastis
511 2574 697 2631 auxiliarium
707 2577 917 2633 sternebantur.
950 2576 1089 2635 Clara-ea
1104 2578 1163 2636 virt

295 2671 369 2727 toria
396 2671 459 2735 tuit,
479 2676 624 2743 captaque
652 2690 743 2730 uxore
776 2678 807 2731 et
830 2674 891 2731 tilia
925 2674 1093 2738 Garactaci,
1111 2676 1164 2732 lra-

236 2784 284 2843 33
295 2773 352 2825 tres
371 2785 484 2841 qunque
497 2767 529 2825 ln
556 2769 737 2829 deditionem
751 2772 876 2845 accepti
917 2773 986 2845 Ipse
1006 2770 1052 2847 (ut
1074 2775 1162 2832 terme

293 2866 393 2925 intuta
407 2868 476 2923 au'nt
494 2864 634 2944 adversa)
654 2871 820 2929 cumidem
836 2871 1089 2941 Cartimanduae,
1108 2873 1164 2930 Re·
1224 2876 1225 2911 l

324 3021 519 3082 menumquam]
551 3018 615 3090 paee
625 3035 654 3068 ne
664 3021 776 3081 intelligas
793 3024 975 3075 recuruatum
989 3024 1108 3083 aarum,
1123 3025 1162 3072 aar
1224 2994 1225 3085 l

295 3081 324 3128 de
334 3080 518 3135 machinamento,
538 3081 600 3126 drcto
620 3081 736 3134 testudine,
751 3083 781 3128 de
798 3098 843 3143 quo
860 3083 968 3140 vegetius
988 3084 1028 3129 lV.
1049 3089 1083 3131 ll.
1115 3083 1163 3130 Hac
1224 3090 1225 3095 ’

294 3139 467 3247 ιάῗὲιιᾱέἓξὲιιι
477 3139 500 3185 in
509 3140 598 3186 modurn
617 3140 671 3197 salli
687 3148 837 3200 praestructa,
844 3147 870 3188 nt
888 3143 1048 3203 dietumsupra
1056 3157 1106 3203 cap.
1124 3146 1167 3193 32.

295 3336 307 3382 s
323 3276 417 3382 Iq'gm
424 3275 543 3336 matium]
574 3252 619 3326 uni
634 3278 685 3321 arnt
694 3275 783 3335 plurimi
791 3275 850 3323 inter
863 3277 959 3324 amnium
968 3277 1045 3325 Clunc
1060 3283 1085 3325 et
1094 3277 1161 3325 Tere

205 3382 209 3393 ,
304 3350 332 3382 οιι
368 3369 374 3380 .

323 3410 412 3469 Spatbis
429 3416 450 3457 et
465 3412 534 3463 lundis
554 3411 715 3472 quadrariam]
746 3413 848 3459 Observa
864 3413 955 3459 diversa
971 3427 1034 3459 arma
1054 3415 1113 3462 iuter
1129 3414 1161 3460 le·

293 3471 405 3529 gionarios
423 3470 596 3530 auqiliaresque:
613 3471 659 3515 illis
674 3472 759 3527 gladios
768 3478 792 3515 et
811 3472 922 3532 pilaplris
937 3474 1029 3531 spathas
1046 3480 1070 3518 et
1088 3475 1160 3519 hastas

293 3528 380 3640 Qud
411 3529 507 3587 §pallias
517 3538 600 3588 auum,
609 3529 695 3589 gladios
703 3530 795 3576 micres
804 3530 967 3590 iuterpretatur
974 3531 1083 3590 vegetius
1091 3536 1113 3589 2,
1126 3534 1158 3577 lb.
