2459 4267
183 356 186 359 ’
228 340 301 414 390
550 361 736 410 annanrvrr
953 368 980 413 s
994 363 1026 411 v.
1042 365 1105 413 aaa

225 515 327 576 ‘noris
353 516 462 582 datum
493 532 568 590 qnae
600 511 708 574 virtute
734 520 765 572 et
795 513 928 572 amicitia
962 516 1108 574 Romana

168 616 178 631 '⁵
226 617 475 689 ‘praecellersolt
496 618 591 672 nullos
605 614 767 672 mortalium
786 615 874 671 armis
887 620 938 671 aut
951 615 1010 671 fide
1024 621 1102 672 aute

226 714 409 772 ‘Germanos
422 712 507 780 esae,’
526 716 705 779 exclamant,
717 713 981 787 degrediunturque
1003 721 1035 770 et
1055 713 1106 771 in·

226 816 291 869 ‘ter
310 813 413 871 Patres
434 814 598 871 considunt.
629 813 706 885 qnod
741 812 905 868 comitere
933 811 1104 868 visentibus

176 922 178 927 ’
226 917 393 983 exceptum,
406 911 487 985 qnasi
501 911 616 983 inpetus
629 909 746 983 antiqui
759 917 789 965 et
804 911 880 966 bona
889 910 1104 966 aemulatione.

181 1008 183 1011 ’
226 1008 307 1065 Naro
320 1008 444 1065 civitate
463 1008 597 1066 Romana
621 1010 722 1065 ambos
735 1007 857 1064 donavit
872 1027 879 1062 ι
900 1005 1009 1064 Frisios
1022 1005 1104 1065 dece·

225 1103 287 1162 drrr
305 1103 389 1180 agris
407 1104 501 1164 maed.
545 1108 644 1182 Atque
674 1107 734 1163 illis
747 1106 998 1178 adspernantibus,
1024 1124 1105 1164 aux·

226 1203 316 1262 ittarta
330 1221 419 1281 eques
443 1211 565 1280 repente
587 1206 733 1271 inmissus,
753 1200 962 1262 'necessitatem
977 1204 1101 1272 adtulit,

173 1304 215 1363 ⁵5
226 1303 321 1375 captia
334 1304 478 1371 caesisve,
491 1304 540 1379 qni
552 1304 735 1378 pervicacius
750 1303 923 1359 restiterant.
965 1302 1102 1360 Eosdem

224 1418 309 1474 agros
325 1402 474 1459 Anslbarii
487 1420 680 1475 occupavere,
695 1400 818 1458 validior
832 1419 916 1474 gens,
929 1418 988 1458 noo
1008 1403 1104 1458 modo

225 1514 275 1555 sna
289 1498 384 1570 copia,
407 1501 459 1555 aed
473 1500 671 1561 adiacentium
699 1503 866 1572 populorum
888 1499 1101 1556 miseratione:

223 1595 289 1669 qula
304 1596 409 1668 pulsia
423 1596 595 1654 Chauciset
617 1599 695 1654 sertis
721 1599 822 1670 inopes
838 1603 931 1654 tutum
954 1597 1100 1654 exsilium

223 1695 354 1752 cabant.
398 1696 565 1770 Aderatque
587 1696 635 1762 iis,
656 1699 751 1752 clarus
773 1714 824 1768 per
847 1696 912 1751 illas
940 1701 1042 1768 gentes
1064 1700 1101 1751 et

224 1793 308 1852 nobis
332 1812 445 1869 quoque
467 1794 550 1860 fidus,
565 1795 684 1865 nomine
699 1786 864 1859 Boiocalus,
892 1794 1044 1849 ‘vinctum
1060 1810 1099 1849 se

225 1892 407 1949 ‘rebellione
423 1893 580 1959 Cherusca,
594 1893 672 1950 iusso
685 1890 832 1957 Arminii?
846 1892 979 1955 reterens,
994 1881 1103 1959 ‘'mox,

225 1989 369 2047 ‘Tiberio
381 1998 411 2048 et
424 1991 603 2050 Germanico
618 1991 758 2056 Ducibus,
785 1990 928 2063 stipendia
943 1989 1100 2046 meruisse.

223 2088 467 2163 ‘Quinquaginta
493 2106 635 2147 annorum
657 2090 797 2162 obsequio
810 2088 840 2145 id
854 2105 966 2162 quoque
992 2076 1103 2144 adiuu-

226 2190 326 2259 ‘gera
340 2189 414 2260 quod
429 2193 546 2262 gentem
563 2204 645 2243 suam
663 2187 768 2243 ditioni
784 2194 897 2245 nostrae
923 2186 1096 2242 subiiceret.

225 2284 373 2356 ‘Quotam
397 2292 506 2357 partem
528 2286 626 2357 campi
639 2286 746 2351 iacere,
773 2285 805 2342 iu
832 2302 918 2359 quam
932 2301 1039 2356 pecora
1060 2290 1099 2341 ct

226 2388 378 2439 ‘armenta
406 2383 529 2441 militum
542 2383 701 2457 aliquando
718 2378 1004 2440 transmitterentur?
1025 2372 1099 2438 Ser·

203 2484 351 2538 “tarent
386 2499 459 2538 sane
500 2487 631 2554 receptos
659 2481 803 2555 gregibus,
829 2483 905 2538 iutra
941 2479 1098 2537 bominum

224 2578 365 2648 ‘samam
386 2582 471 2637 modo
498 2598 535 2637 ue
571 2580 738 2637 vastitatem
760 2586 789 2636 et
820 2580 1006 2636 solitudinem
1022 2580 1094 2635 rnal-

224 2677 315 2742 ‘lent,
335 2681 552 2750 quamsamicos
586 2682 716 2751 populos.
759 2679 975 2735 Chamavorum
1001 2692 1094 2749 quon-

225 2772 314 2828 ¹dam
341 2791 377 2828 ea
404 2791 485 2836 arva,
506 2793 574 2832 mox
611 2762 792 2844 Tubantum,
821 2782 851 2833 et
877 2783 941 2849 post
972 2773 1092 2846 Vsipio-

225 2876 307 2927 ‘rum
326 2869 425 2928 luisse.
467 2874 563 2931 Sicuti
583 2878 699 2932 eoelum
728 2875 803 2939 Diis.
823 2875 866 2931 ita
887 2879 977 2931 terras
1003 2890 1094 2946 gene·

226 2970 274 3028 ‘ri
294 2970 457 3029 mortalium
484 2974 588 3030 datas:
609 2991 738 3047 quaeque
773 2989 886 3031 vacuae
932 2990 983 3029 eas
998 2971 1093 3044 publi·

225 3075 299 3127 ‘cas
332 3069 416 3127 esse.’
471 3071 571 3128 Solem
607 3072 715 3128 deinde
747 3070 917 3143 respiciens,
937 3076 968 3126 et
990 3075 1094 3127 cetera

224 3168 321 3226 sidera
354 3186 474 3235 vocaus,
508 3168 589 3244 quasi
626 3186 724 3226 coram
762 3170 968 3243 interrogabat,
1008 3169 1093 3225 ‘vel-

225 3269 345 3324 ‘lentnc
370 3267 501 3324 contueri
522 3268 611 3324 inane
641 3264 758 3324 solum?
777 3267 871 3340 potius
893 3283 971 3323 mare
993 3282 1094 3338 super·

172 3362 395 3421 56‘lundereut
416 3367 554 3423 adversus
577 3372 715 3423 terrarum
735 3362 900 3437 ereptores!
952 3364 992 3421 Et
1013 3378 1093 3421 com-
1184 3428 1198 3438 ,

224 3467 319 3521 motus
351 3463 399 3521 his
432 3463 551 3533 Avitus,
583 3464 741 3539 ‘patienda
773 3463 925 3521 meliorum
956 3461 1094 3536 imperia.
