2459 4267
55 408 89 457 a
105 405 192 455 cas
320 382 741 453 cm.1v.csr.7.-9.
867 383 938 455 183

50 558 175 627 vtriclinis
208 558 273 617 eius
310 557 384 626 (lies,
418 558 500 616 nullo
534 561 624 625 metu,
659 574 698 616 an
732 563 764 616 ut
789 558 938 617 firmitudi-

59 676 136 719 nem
157 657 249 716 animi
270 661 440 725 ostentaret,
463 656 554 715 etiam
575 655 725 725 defuncto,
746 658 873 715 necdum
895 675 938 714 se·

57 759 156 833 pullo,
182 755 293 814 curiam
331 756 477 830 ingressus
515 759 568 813 est.
624 754 834 832 (inmotasque,
869 758 938 813 selle

58 856 181 931 vulgari
207 873 258 930 per
287 855 418 929 speciem
451 853 614 912 maestitiae
646 855 792 922 sedentes,
820 856 938 912 honoris

58 955 184 1030 locique
219 953 392 1035 sannanim
425 958 456 1011 et
480 953 602 1011 effusum
626 952 658 1010 in
682 952 817 1010 lacrimas
845 955 937 1011 Sena-

59 1061 138 1122 tum,
152 1053 234 1111 victo
255 1053 374 1128 gemitu,
398 1052 482 1110 simul
507 1052 639 1111 orations
662 1052 803 1110 contiuua
830 1053 936 1111 erexit.

57 1153 155 1209 ‘Non
179 1151 296 1227 quidem
322 1151 379 1210 sibi
392 1150 535 1225 ignarum,
554 1168 640 1224 posse
665 1151 755 1225 argui,
776 1153 852 1226 quod
878 1157 938 1211 tum

56 1257 67 1285 ‘
81 1251 197 1309 racemi
209 1252 309 1308 dolore
323 1248 443 1307 subierit
456 1251 557 1307 oculos
581 1250 726 1306 Senatus:
747 1249 799 1305 uix
823 1249 938 1323 propin·

55 1356 67 1384 ⁴
81 1366 204 1424 quorum
217 1350 352 1424 adloquia
378 1347 503 1414 tolerari,
517 1347 572 1405 vix
586 1347 664 1405 diem
679 1347 791 1420 adspici
805 1364 822 1403 a
836 1348 937 1421 pleris-

57 1455 137 1523 ‘que
152 1447 321 1522 lugentium.
336 1465 430 1521 neque
439 1446 505 1504 illos
516 1445 729 1505 imbecillitatis
740 1446 935 1505 damnandos:

58 1554 115 1604 ‘se
136 1551 236 1606 tamen
249 1547 367 1606 tortiora
389 1548 495 1606 solatia
517 1566 535 1606 e
557 1549 712 1621 complexu
734 1546 869 1621 Reipubl.
889 1565 936 1620 pe

57 1652 67 1679 ‘
82 1644 208 1704 livisse?
248 1646 460 1721 miseratusque
475 1652 484 1680 ‘
497 1648 649 1721 Augustae
663 1652 823 1704 extremam
837 1663 936 1703 senec-

59 1730 158 1812 ‘'tam,
178 1746 278 1803 rudem
298 1746 393 1803 adbuc
408 1751 545 1819 nepotum
568 1751 598 1802 el
621 1751 789 1819 vergenlem
810 1750 937 1802 aetatem

59 1852 178 1911 ‘suam
191 1851 223 1900 ut
238 1844 408 1902 Germanici
432 1845 525 1911 liberi,
549 1843 637 1901 unica
658 1844 853 1917 praesentium
878 1861 935 1901 ma·

56 1945 177 2027 ‘lorum
201 1944 376 2011 levamenta,
405 1941 630 2010 inducerentur,’
657 1942 771 2016 petivit.
812 1942 935 2016 Egressi

59 2042 219 2108 consules,
240 2028 366 2098 firmatos
380 2041 516 2116 adloquio
535 2044 769 2099 adolescentulos
783 2041 935 2097 deductos

58 2145 210 2216 queunte
234 2139 391 2198 Caesarem
414 2145 554 2197 statuunt.
597 2139 710 2211 Quibus
736 2138 934 2213 adprehensis,

58 2238 187 2321 ‘l’atres
224 2238 392 2311 conscripti,
420 2238 482 2305 bos,
515 2237 620 2312 inquit,
653 2238 769 2293 orbatos
802 2242 934 2309 parente,

58 2336 189 2394 ‘tradidi
216 2340 319 2409 patruo
351 2337 487 2409 ipsorum,
513 2342 705 2410 precatusque
732 2353 804 2401 sum,
832 2352 929 2408 quum·

58 2442 169 2509 ‘quam
194 2441 272 2492 esset
295 2434 341 2491 illi
380 2436 496 2509 propria
520 2435 644 2503 soboles,
677 2452 714 2491 ne
734 2451 827 2499 secus,
848 2451 933 2508 quam
1033 2506 1036 2512 .
1114 2495 1119 2504 ,

58 2541 66 2567 ‘
81 2550 166 2591 suum
181 2532 363 2607 sanguinem,
382 2534 495 2591 foveret
515 2551 551 2590 ao
565 2535 688 2604 tolleret,
700 2533 812 2608 sibique
826 2537 857 2590 et
870 2551 933 2607 pos·

59 2632 159 2689 ‘teris
186 2632 393 2690 conformaret.
434 2638 535 2706 erepto
561 2633 667 2699 Druso,
692 2650 793 2705 preces
819 2633 855 2690 ud
879 2652 932 2691 vos

59 2737 67 2763 ‘
82 2736 236 2798 converto,
251 2730 374 2805 Diisque
389 2735 418 2787 et
433 2730 526 2804 patria
539 2747 638 2790 coram
653 2733 790 2801 obtestor,
806 2734 932 2809 Augusti

59 2836 67 2861 ‘
82 2835 268 2903 pronepotes,
281 2829 450 2887 clarissimis
470 2829 626 2887 maioribus
639 2830 764 2904 genitos,
782 2833 931 2906 suscipite,

60 2928 191 3002 ‘legiter
215 2932 341 2985 vestram
365 2945 516 3003 meamque
530 2927 629 2986 ricem
648 2931 777 3003 explete.
818 2932 858 2987 Hi
881 2949 931 2987 uo-

57 3024 132 3093 ‘bis,
148 3026 230 3083 Nero
243 3027 387 3093 etDruse,
402 3032 554 3099 parentum
569 3027 653 3084 loco:
669 3028 710 3085 itu
725 3027 787 3084 nati
800 3027 879 3095 estis,
900 3034 932 3085 ut
956 3068 966 3087 .

59 3125 161 3181 ‘bona
194 3126 328 3199 malaque
355 3129 453 3181 vestra
485 3125 522 3182 ad
556 3125 712 3198 Rempubl.
747 3123 931 3197 pertineant.'

17 3296 18 3301 η
57 3221 173 3296 Magno
196 3239 233 3279 ea
257 3222 335 3290 lietu,
349 3228 379 3279 et
393 3240 461 3280 mox
484 3223 699 3296 precationibus
724 3222 833 3289 iuuetis,
852 3223 962 3285 uuili-9

57 3325 106 3378 ta:
128 3338 176 3388 ac,
189 3320 216 3377 si
228 3321 345 3378 modum
358 3321 484 3379 orationi
498 3321 650 3395 posuisset,
674 3319 873 3377 misericordia
886 3321 931 3378 sui

56 3419 208 3493 gloriaque
231 3417 343 3476 animos
368 3418 548 3476 audientium
570 3418 760 3490 impleverat:
781 3418 819 3475 all
843 3435 929 3487 vana,

20 3580 21 3665 q
87 3590 153 3635 Victo
166 3590 261 3659 gqnitu]
292 3591 335 3638 lut.
347 3605 394 3639 sno.
402 3568 442 3639 uir
459 3593 550 3653 dignun
559 3589 720 3651 admonitione,
730 3589 773 3639 nisi
782 3590 859 3640 doetus
869 3590 930 3640 vitos

57 3649 174 3696 dubitasse
183 3649 289 3696 riderem.
319 3650 381 3698 Bru.
540 3654 543 3660 '
