2459 4267
224 314 280 368 nii
548 305 771 362 PRAEFATIO.

224 468 379 532 aemulata
402 466 610 529 continuaret.
657 464 768 528 Nerva
790 462 871 527 enim
900 463 1019 527 Caesar
1033 465 1095 529 ‘res

225 575 298 637 olim
322 571 540 636 dissociabile!
565 571 745 646 miscuerat,
768 570 977 656 principatum
1001 592 1039 633 ac
1065 571 1101 633 tt·

115 698 119 706 ’
225 681 390 744 bertatem.
437 677 599 740 Publicam
626 676 808 740 felicitatem
829 677 860 738 in
876 676 945 737 dies
960 677 1100 757 augebat

226 777 385 869 'I'raj'aous
397 785 417 860 3¹
438 784 609 867 additaque
626 783 828 845 victoriarum
852 783 960 863 gloria,
983 782 1026 843 ita
1041 783 1099 845 im-

226 893 307 978 perii
322 891 399 953 fines
424 891 615 976 proferebat,
633 898 667 952 ut
689 909 857 971 numquam
873 890 966 950 latius
984 888 1026 950 sit
1042 889 1100 950 im·

226 999 405 1084 puritatum.
453 996 657 1062 Uberrimam
688 995 769 1058 boso
800 1002 833 1056 et
863 995 1100 1057 securissimam

227 1103 387 1166 materiam
417 1102 575 1164 senectuti
607 1120 683 1163 suae
721 1108 908 1184 reposuerat
939 1098 1104 1163 'facitne’

227 1208 364 1289 Egregia
380 1207 510 1270 consilio
526 1227 610 1270 mors
633 1207 809 1292 importuna
824 1206 962 1291 abrupit.
1008 1206 1101 1291 lpse,

228 1313 302 1376 dum
319 1296 659 1397 'l'rajanus'Orientem
682 1311 774 1375 novis
789 1311 929 1374 victoriis
946 1313 1102 1375 lustrabat

232 1421 397 1503 (nusquam
420 1417 503 1482 enlm
527 1418 683 1482 Hadriani
708 1426 848 1504 tempora
872 1420 1034 1500 memorat)
1051 1417 1102 1480 ri·

229 1526 326 1589 vendi
348 1523 441 1587 linem
467 1525 555 1600 fecit,
581 1539 798 1610 praepropero
824 1523 888 1586 sato
910 1543 1099 1609 oppressus.

230 1632 277 1695 At
294 1633 324 1695 in
348 1629 438 1693 brevi
461 1630 646 1693 mortalitate
670 1630 816 1712 longioris
832 1630 918 1692 vitae
933 1630 1101 1692 celebrite-

230 1746 292 1799 tem
309 1738 516 1823 impleverat:
541 1737 621 1799 ciris
644 1738 792 1822 optimus,
816 1736 914 1799 literis
929 1744 961 1798 et
977 1736 1102 1820 sepicu-

159 1893 165 1906 .
230 1843 273 1905 tis
288 1843 399 1904 aetatis
415 1853 490 1904 suae
506 1842 677 1927 princeps3
699 1842 842 1905 eamdem
855 1842 977 1916 lamam,
990 1861 1102 1926 peren

230 1949 448 2011 auctoritatem
471 1948 556 2033 apud
580 1959 725 2033 posteros
750 1957 811 2011 tam
833 1949 1102 2024 dinumeratum,

231 2075 323 2138 quam
339 2053 394 2117 diu
410 2053 439 2117 in
455 2053 583 2139 scriptis
600 2075 661 2116 non
678 2054 955 2117 otiosuverborum
972 2054 1102 2140 pretim

231 2172 290 2240 tas,
314 2162 371 2225 sed
394 2162 497 2225 ualida
519 2182 623 2224 rerum
647 2163 935 2244 sententiarumque
952 2160 1102 2224 brevitur

230 2269 391 2354 placebit3
421 2291 513 2352 quam
537 2268 590 2331 dio
614 2268 644 2330 iri
668 2288 702 2329 re
724 2268 853 2353 politico
876 2287 979 2330 mores
1001 2264 1100 2329 lromi·

229 2396 314 2448 num‚
336 2395 438 2436 rerum
462 2382 628 2448 momenta,
651 2373 804 2436 libertatis
825 2381 857 2437 et
880 2372 1102 2435 dominationis

231 2486 487 2563 temperamenta,
510 2477 596 2540 varia
618 2487 651 2541 et
673 2480 876 2542 saluberrima
898 2497 956 2565 pro
978 2488 1102 2563 tempo-

231 2605 299 2647 rum
315 2592 548 2666 eventuumque
571 2585 723 2648 varietate
746 2586 859 2668 agendi
874 2586 1012 2661 consilia,
1028 2605 1101 2647 noa·

233 2710 306 2751 cere
321 2689 381 2751 erit
397 2688 544 2774 pretium.

231 2849 235 2854 .
275 2793 369 2857 Haec
380 2794 507 2877 quidem
525 2816 596 2862 cum
611 2816 811 2862 recenserem
827 2797 970 2879 graviora
986 2795 1098 2860 'l'eclti

232 2899 345 2976 studia,
353 2899 443 2963 omisi
453 2899 571 2964 leviora
581 2902 645 2963 duo
655 2902 724 2984 eJus
734 2923 845 2987 opera:
859 2904 988 2966 alterum
997 2902 1100 2966 Face·

232 2992 310 3082 tias3
325 3006 455 3070 alterum
468 3007 634 3089 Dialogum
648 3008 688 3069 de
701 3007 900 3071 Oratoribus.
917 3038 920 3043 ·
936 3008 1098 3085 Facetias,

231 3109 401 3195 Fulgentio
415 3110 627 3176 Grammatico
642 3123 837 3189 memoratos,
861 3114 1097 3195 lortecellegit,

232 3218 307 3282 dum
323 3219 489 3284 literarium
507 3219 735 3305 supellectilem
752 3221 894 3306 parabat,
909 3222 960 3284 vel
991 3221 1105 3283 subse·

233 3324 313 3387 civia
331 3325 428 3401 horis,
451 3334 485 3390 ut
511 3325 615 3388 taedio
638 3328 742 3388 otiare
765 3327 898 3392 falleret.
944 3327 1098 3403 Periere3

231 3449 290 3492 aec
317 3450 460 3512 magnum
485 3439 536 3495 est
565 3452 672 3502 earum
702 3431 906 3496 desiderium.
953 3432 993 3502 ld
1015 3433 1101 3498 enim

260 3595 353 3643 ¹Tocit.
363 3596 413 3645 Vit.
426 3599 498 3658 Arrio
514 3614 563 3661 cap.
573 3603 597 3648 3.

259 3673 354 3727 ’aaut
366 3674 427 3726 llirt.
438 3678 457 3739 l,
469 3681 488 3726 t.
500 3692 627 3745 rnpreomn
640 3678 697 3731 tuso
707 3677 823 3729 consilium
833 3685 954 3731 memorat.
1045 3719 1046 3728 ,
