2459 4267
87 366 124 413 ι
142 363 174 412 o.
190 364 228 413 ra.
313 366 384 414 nra.
409 366 458 414 xr.
509 365 587 415 eae.
614 347 784 418 28.-31.
898 352 971 422 297

92 518 195 587 lietus,
217 516 318 592 prioris
342 536 455 594 quoque
489 522 586 597 regiae
610 524 729 597 peritus,
755 529 786 583 et
812 525 975 599 polentiam

94 617 208 684 oeulis,
228 636 314 692 quam
335 619 457 687 aeribus,
488 621 620 680 consiliis
645 625 734 681 tutius
756 624 865 682 heberi.
906 625 974 683 Per·

96 716 180 774 stitit
212 717 378 785 Narcissus,
411 723 451 784 et,
479 721 572 777 solnm
601 721 633 779 id
670 722 826 789 inmulsus,
846 741 884 781 ne
917 742 975 798 quo
1006 754 1008 763 a

96 830 238 872 sermone
258 817 419 889 praesciam
451 818 582 876 oriminis
608 828 638 878 et
658 823 836 880 aeeoaalon’s
855 823 975 890 tacerel,

97 913 168 988 ipse
197 916 234 971 ad
268 916 440 973 occasiones
468 917 605 987 inleulus,
636 922 725 995 longa
750 924 827 994 apud
860 922 974 980 Ostiam

101 1012 244 1070 Caesaris
265 1028 353 1082 mora,
373 1016 446 1072 duas
465 1016 599 1089 pellices,
629 1036 749 1093 quarum
768 1020 975 1094 iseorporibos

99 1112 234 1171 maxime
273 1114 452 1180 insueverat,
486 1115 641 1189 largitione
680 1134 716 1174 ao
745 1119 905 1191 promissis,
932 1123 976 1185 et,

98 1229 195 1270 uxore
216 1212 342 1279 deieela,
363 1215 427 1285 plus
455 1213 605 1286 polentiae
632 1219 817 1284 ostentando,
839 1216 975 1290 perpulit,

21 1362 28 1379 ,
102 1311 286 1368 delationem
310 1310 416 1368 subire.
457 1311 537 1368 Exin
559 1312 720 1385 Calpurnia
739 1311 783 1390 (iu
808 1314 907 1386 pellici
926 1306 1028 1371 rso-30

102 1406 190 1486 men)
209 1408 259 1466 ubi
292 1408 391 1467 datum
417 1415 571 1477 secretum,
599 1411 735 1469 Caesaris
768 1411 891 1486 genibus
913 1428 975 1485 pro·

103 1511 219 1576 voluta,
233 1507 382 1581 ‘nupsisse
395 1507 597 1566 Messalliuam
612 1508 706 1577 Silio:
720 1513 875 1569 exclamat
890 1510 977 1570 simul

104 1607 305 1682 Cieopatram,
325 1624 398 1680 quae
409 1606 488 1665 idem
506 1606 660 1681 opperiens
675 1610 817 1678 adstabat,
830 1616 839 1644 ‘
850 1628 888 1667 an
899 1627 978 1668 oons-

104 1702 286 1781 ‘perlssetl'
315 1706 491 1780 interroget:
525 1711 611 1781 atque
639 1707 691 1765 illa
710 1710 868 1776 adnuente,
885 1708 978 1766 ‘eled

102 1803 318 1874 ‘Narcissum’
337 1806 472 1878 postulat.
512 1802 553 1872 ls,
578 1804 715 1861 ‘veniam
737 1805 769 1862 iu
791 1806 977 1877 praeteritum

106 1911 240 1980 ‘petens,
261 1906 335 1979 quod
361 1904 395 1963 ei
411 1903 454 1960 uis
477 1903 628 1970 Vectium,
651 1903 696 1960 eis
727 1902 873 1960 Plautium
895 1904 977 1965 ‹lissi-

105 2003 309 2070 ‘mulaviaset
334 2018 391 2060 neo
419 2018 497 2059 nune
524 2000 666 2059 adulteris
691 2000 891 2068 obiecturum?
911 2001 975 2085 sit:

91 2106 181 2160 '‘ueo
201 2102 327 2167 domum,
352 2100 483 2167 servitia,
507 2105 674 2158 eleuteros
701 2099 832 2156 lenunae
858 2104 976 2172 paulus

104 2206 287 2273 ‘reposuere
308 2199 448 2256 lueretur
461 2198 551 2256 immo
564 2198 620 2255 lis:
640 2202 671 2255 at
691 2198 824 2254 redderet
847 2214 977 2265 uxmem,

106 2302 326 2371 ‘rumperetque
337 2296 449 2354 tabulas
459 2296 612 2372 nuptiales.
635 2296 685 2354 An
694 2294 867 2366 discidium?
874 2296 978 2370 inquil,

105 2401 205 2455 ‘tuum
220 2393 323 2453 nosti?
343 2412 411 2454 narn
425 2392 639 2454 matrimonium
671 2392 738 2453 Silii
758 2394 835 2452 vidit
853 2396 977 2469 populos

76 2476 82 2480 ’
106 2500 157 2553 ‘et
169 2496 293 2552 Senatus
307 2499 336 2552 el
348 2495 447 2552 miles:
468 2512 513 2562 aa,
528 2495 558 2552 ui
568 2510 688 2568 propere
701 2493 774 2568 agis,
785 2497 866 2552 tenet
876 2494 977 2552 urbem
1014 2574 1016 2577 v

106 2590 263 2651 ‘maritus'
316 2593 396 2651 'I’um
429 2593 610 2667 potissimum
643 2610 784 2668 quemque
817 2594 976 2652 amicornm
987 2589 1025 2650 31

107 2698 216 2750 voest:
258 2693 436 2767 primumque
466 2690 513 2750 'rei
544 2693 749 2751 frumentariae
789 2693 977 2768 praelectum,

108 2792 295 2862 Turranium,
309 2798 376 2865 post
390 2791 510 2850 Lusium
532 2792 648 2859 Gelam,
669 2793 865 2852 Praetutianis
886 2793 977 2866 impo

110 2890 204 2957 situm,
237 2895 450 2964 pereunotatur.
492 2891 616 2962 Quibus·
638 2892 805 2959 latentibus,
839 2891 976 2948 oerlatins

110 2991 200 3047 aeteri
213 2990 463 3062 oiraumstrepuut,
483 2989 558 3046 ‘iret
579 2990 610 3046 in
633 2994 738 3055 eastra,
752 2989 877 3045 firmaret
891 2988 977 3043 Prae·

109 3087 213 3144 ‘terias
227 3089 371 3154 cohortes,
385 3086 535 3145 securitati
548 3090 627 3151 ante,
641 3102 726 3158 quam
741 3085 891 3141 vindietae
909 3100 977 3140 oon-

111 3184 256 3243 ‘suleret’
297 3185 376 3244 Satis
397 3180 522 3252 constat,
542 3182 703 3256 eopavore
723 3172 845 3239 oll'usuui
860 3180 977 3238 Claudi·
1018 3228 1022 3233 .

111 3300 168 3351 um,
195 3289 228 3342 ut
258 3284 419 3352 identidem
444 3284 644 3357 interrogaret,
675 3285 730 3338 ‘au
760 3280 824 3353 ipse
856 3278 977 3350 Imperii

112 3381 254 3458 ‘polensi
284 3401 323 3441 aa
338 3378 428 3441 Silius
450 3383 581 3457 privatus
595 3377 703 3437 esset?
732 3380 775 3438 At
795 3377 979 3445 Messallina,

110 3499 166 3569 nou
181 3483 255 3541 alias
268 3482 389 3540 solutior
403 3484 483 3551 luxu,
504 3481 604 3538 adulto
624 3484 771 3547 autumno,
791 3478 978 3543 simulacrum

116 3581 279 3646 vindemiae
317 3599 369 3656 per
400 3583 517 3646 domurn
550 3579 688 3638 celebrat.
752 3577 860 3657 Vrgeri
899 3580 978 3651 pras·
