2459 4267
1213 15 1221 245 Ι

268 338 350 409 298.
589 347 773 407 montone
994 356 1023 404 n.
1036 356 1066 404 v.
1079 356 1135 407 eor.
1219 314 1220 393 l

268 517 307 581 ln,
329 513 419 572 fluere
434 513 536 571 lacus:
563 502 595 569 st
617 511 746 569 feminae
766 509 891 585 pellibus
915 508 1069 578 accinctae
1088 511 1140 568 ed·
1218 458 1221 595 Ι

268 614 426 681 soltsbmt,
444 617 477 670 ut
496 611 697 670 sacrificantes
709 611 758 666 vel
776 608 958 667 insanientes
979 608 1139 667 Bsesbne:
1219 598 1220 663 l

270 714 335 785 ipsa
365 711 447 769 erice
477 710 566 778 fluxo,
596 709 728 783 thynum
756 707 899 782 quatiens,
925 707 1067 781 iuxtaque
1089 706 1137 764 Si-

271 810 328 867 liue
355 810 463 867 beders
490 807 618 873 vlumus,
647 823 748 880 gerere
767 807 935 872 cothurnos,
967 806 1067 862 iacere
1092 821 1142 862 ce·

176 898 180 903 ’
270 914 331 982 put,
350 912 497 980 strepente
517 905 628 963 circum
643 905 761 977 procaci
784 905 884 962 cboro.
924 904 1048 970 Ferunt,
1060 903 1139 960 Voc-

270 1005 342 1064 tiom
355 1005 523 1070 Veientem,
542 1002 669 1060 lessivie
692 1003 723 1060 in
747 1005 907 1076 praealtam
919 1003 1052 1059 arborem
1072 1018 1139 1058 con·

269 1102 372 1165 nisum,
392 1101 647 1176 interrogantibus,
661 1099 730 1178 quid
746 1098 926 1176 moeses?
945 1100 1140 1173 respondisse,

268 1205 451 1278 temetum
488 1199 526 1258 nd
558 1199 644 1258 Ostia
673 1206 813 1256 cirenem.-
851 1199 917 1257 sive
949 1204 1070 1272 ceperat
1102 1215 1140 1258 ea

270 1298 394 1374 species,
425 1317 479 1359 seu
498 1300 570 1358 torte
603 1301 686 1373 lapse
704 1316 765 1355 vox
784 1298 815 1355 in
837 1297 1019 1371 praesagium
1039 1297 1138 1354 vertit.

218 1385 260 1445 32
273 1400 343 1457 Non
363 1415 459 1457 rumor
492 1399 615 1465 interes,
646 1399 699 1456 ssd
719 1398 845 1472 undique
866 1398 963 1455 nuntii
993 1396 1144 1461 incedunt,

269 1496 328 1571 qul,
343 1511 440 1571 gam-e
463 1493 585 1553 Claudio
604 1502 705 1553 musta
724 1501 750 1552 et
773 1499 865 1554 uenire
882 1501 1043 1572 pronomem
1061 1492 1144 1552 ultiod

269 1591 308 1662 ssi,
328 1593 484 1652 sdisrreot.
523 1593 618 1667 Igitur
636 1593 810 1651 Messallina
828 1593 1019 1651 Lucullianos
1032 1593 1064 1650 in
1078 1594 1143 1651 her·

270 1698 323 1762 tos,
354 1690 454 1761 Silius,
471 1691 684 1750 dissimulando
712 1697 801 1758 metu,
824 1693 865 1749 nd
886 1692 985 1749 munia
1013 1692 1069 1751 tori
1098 1690 1141 1749 di·
1219 1740 1220 1745 ,

270 1790 447 1867 μᾱίιιυίυτ.
500 1790 620 1848 Ceteris
651 1790 758 1864 passim
786 1790 992 1857 dilabentibus,
1021 1790 1144 1848 adsuere

273 1888 476 1955 Centuriones,
495 1888 647 1962 inditaque
673 1893 742 1946 sunt
762 1888 890 1958 viuculo,
917 1894 951 1945 ut·
975 1888 1040 1962 quis
1060 1906 1140 1960 repe-

275 1988 402 2047 riebatur
426 1986 459 2045 in
486 1985 614 2060 publico,
641 1991 691 2044 aut
712 2003 763 2058 per
791 1988 923 2043 latebras.
966 1985 1142 2043 Messallina

270 2088 380 2157 'temen
394 2101 565 2161 quemquam
579 2102 626 2144 nes
638 2085 779 2142 adversae
792 2084 947 2142 consilium
966 2085 1150 2154 eximerent,
1219 2096 1220 2101 ’

272 2184 316 2243 ire
336 2185 464 2253 obviem,
483 2189 515 2242 et
533 2183 685 2257 adspicis
706 2182 821 2250 marito,
841 2183 917 2257 quod
940 2199 1032 2255 saepe
1051 2182 1142 2240 subsi-

272 2282 354 2341 dium
366 2284 517 2351 habuerat,
541 2283 617 2339 huod
637 2281 765 2355 seguiter
778 2281 914 2348 intendit,
940 2279 1096 2356 iussitque,
1109 2285 1140 2337 aet
1164 2262 1167 2267 ’

272 2378 458 2440 limentes
470 2386 496 2438 ct
516 2378 637 2438 Octavio
649 2378 679 2436 iu
692 2377 861 2455 complessem
877 2376 970 2455 petris
980 2384 1137 2454 pergemu-
1171 2431 1178 2436 .

272 2479 311 2536 Et
322 2478 483 2546 Virtutem,
496 2478 642 2552 virgiuum
655 2478 821 2535 Vestalium
833 2477 1071 2545 vetustissimam,
1079 2493 1139 2534 ora·

272 2575 326 2642 vit,
344 2574 493 2654 Pontifici-s
514 2575 631 2633 moini
652 2593 737 2633 aures
760 2573 849 2642 edire,
872 2573 1045 2633 clementiam
1064 2591 1139 2651 ceps·

270 2678 336 2729 lere.
377 2674 475 2747 Atque
502 2673 630 2739 interim,
660 2674 751 2731 tribus
783 2675 903 2732 omnino
929 2673 1138 2731 comitantibus

269 2766 315 2845 (id
342 2774 462 2842 repente
486 2768 651 2829 solitorum·
674 2769 751 2849 eret)
773 2772 899 2846 spatium
919 2773 997 2830 urbis
1018 2772 1140 2845 pedibus

271 2883 401 2936 emensa,
431 2867 577 2935 vehiculo,
605 2885 664 2943 quo
694 2876 883 2944 purgamento
910 2871 1060 2928 hortorum
1087 2871 1140 2928 eri-

272 2967 400 3042 piuntur,
429 2966 599 3026 Ostiensem
620 2966 700 3025 viam
723 2968 833 3027 intrat:
862 2971 943 3026 nulla
970 2971 1141 3046 cuiusquam

272 3064 566 3140 misericordiaque
591 3065 764 3140 flagitiorum
792 3067 961 3125 deformitas
992 3071 1142 3142 proevale-

220 3171 263 3232 33
274 3167 332 3223 bet.
373 3164 587 3238 Trepidabatur
616 3164 804 3223 nihilominus
829 3183 846 3222 a
870 3167 1015 3224 Oeesare:
1035 3167 1141 3242 quippe

274 3263 380 3333 Getae,
407 3262 566 3323 Praetorii·
579 3263 738 3336 praelecto,
756 3263 834 3320 haud
862 3264 933 3320 satis
961 3264 1080 3333 fidebat,
1100 3267 1137 3323 ad

273 3362 405 3430 honeste,
434 3378 485 3439 seu
514 3379 614 3434 prava,
643 3362 726 3419 iuxte
755 3361 826 3418 levi.
868 3362 947 3435 Ergo
974 3363 1140 3432 Narcissus,

269 3458 440 3529 adsumptis,
452 3459 554 3531 quibus
577 3460 656 3517 idem
670 3465 775 3530 metus,
793 3464 868 3517 ‘non
882 3459 972 3518 elium
995 3479 1082 3534 spem
1097 3461 1138 3518 in·

273 3555 469 3618 ‘clamitatis
485 3557 939 3635 Ouessrm'edfirmutfquumsi
950 3558 1137 3626 insolilitum,
