2459 4267
75 380 107 428 a.
126 380 160 428 c.
180 385 219 429 55.
318 382 388 430 nra.
414 382 490 431 xrn.
532 365 621 433 ‘cia
648 365 768 434 4.-6.
887 366 960 436 353

73 538 131 591 ‘et
163 552 315 594 consensu
343 537 477 597 militum’
504 540 657 613 praetatus,
681 540 824 598 ‘consilia
847 541 903 598 sibi
930 548 961 599 et

73 638 249 709 ‘exempta
275 638 448 710 capessendi
474 639 590 713 egregie
619 638 746 713 Imperii’
770 642 973 725 memoravite

73 739 82 766 ⁸
96 752 164 792 nec
180 736 333 793 inventam
347 736 434 794 armis
447 737 593 803 civilibus,
607 744 658 795 aut
673 739 841 795 domesticis
856 740 962 796 discor·

74 835 176 900 ‘diis,
192 835 348 892 imbutam:
370 836 450 893 nulia
469 836 547 904 odia,
569 839 662 893 unitas
683 838 813 904 iniurias,
834 855 890 894 uec
913 855 962 895 cu·

77 934 243 1006 ‘pidinem
271 934 390 992 ultionis
418 922 548 992 adferre!
601 936 681 993 Tum
708 936 848 993 ‘sormam
874 936 962 994 tutori

77 1031 307 1105 ‘Principatus’
340 1033 533 1106 praescripsit,
571 1052 606 1092 ea
634 1035 761 1093 maxime
799 1037 962 1107 declinans,

78 1149 213 1204 quorum
240 1150 342 1189 recens
371 1133 508 1208 flagrabat
535 1133 659 1191 invidia.
704 1137 794 1193 ‘Non
822 1139 901 1194 enim
929 1142 966 1195 se*

78 1232 294 1304 ‘negotiorum
308 1232 436 1289 omnium
450 1233 578 1290 indicem
593 1233 663 1298 iore,
688 1240 727 1298 ut,
748 1235 855 1291 clausis
874 1252 962 1293 unam

81 1330 188 1388 ‘intra
202 1333 318 1388 domum
333 1331 549 1388 adcusatoribus
564 1336 593 1387 et
607 1332 674 1398 reis,
693 1349 848 1404 paucorum
863 1339 962 1405 poten-

81 1430 151 1487 ‘tia
172 1436 358 1503 grassaretur.
419 1431 502 1488 Nibii
528 1430 558 1487 in
583 1431 742 1490 Penatibus
764 1432 823 1489 suis
846 1436 962 1502 venale,
1015 1420 1018 1425 ¹
1051 1509 1055 1515 Ι

84 1527 161 1586 ‘ant
173 1529 326 1586 ambitioni
341 1508 488 1602 peruium:
511 1528 667 1588 discretam
681 1532 797 1590 domum
811 1539 841 1589 et
856 1533 960 1607 Remp.

84 1629 248 1686 ‘Teneret
262 1628 379 1703 antiqua
403 1629 501 1686 munia
527 1630 668 1688 Senatus:
691 1632 850 1689 consutum
874 1632 961 1691 tribu·

85 1730 227 1785 ‘natibus
251 1728 347 1793 ltalia,
368 1732 400 1784 et
422 1728 557 1801 publicae
582 1729 751 1801 provinciae
775 1731 959 1789 adsisterent.

86 1826 161 1885 ‘liii
178 1829 295 1885 Petrum
309 1828 419 1907 aditum
447 1829 635 1900 praeberent:
657 1844 689 1882 se
712 1828 856 1884 mandatis
880 1847 961 1886 exer·

88 1929 218 1985 ‘citibus
245 1925 460 1984 consulturum?
510 1927 576 1983 Nec
603 1924 692 1981 defuit
720 1925 800 1982 fides.
855 1926 990 1985 Multa-5

88 2046 147 2102 que
176 2020 295 2083 arbitrio
310 2027 435 2083 Senatus
463 2026 621 2083 constituta
635 2032 718 2081 suut:
739 2025 811 2081 ‘Ne
836 2024 899 2099 quis
923 2027 961 2084 ad

88 2132 243 2184 ‘caussam
258 2129 396 2185 orandam
411 2127 544 2182 mercede
559 2130 608 2182 aut
632 2123 716 2180 donis
740 2129 901 2181 emeretur:
922 2142 960 2182 ne

87 2228 268 2302 ‘designatis
282 2225 487 2300 Quaestoribus
498 2222 605 2281 edendi
616 2223 789 2296 gladiatores
801 2222 960 2280 necessitas

88 2325 207 2385 ‘esset'
229 2327 312 2399 Quod
322 2326 438 2400 quidem
450 2325 623 2380 adversante
635 2320 806 2396 Agrippina,
817 2327 961 2397 tamquam

89 2434 155 2484 ncta
170 2423 285 2483 Claudii
298 2422 527 2489 snbvertnentur,
550 2419 702 2479 obtinuere
718 2421 818 2478 Patres
833 2441 840 2476 ε
865 2422 913 2496 qui
928 2422 960 2479 in

89 2507 230 2600 palatium
253 2527 290 2581 ob
314 2524 343 2580 id
369 2526 557 2587 vocabantur,
586 2527 616 2578 ut
643 2507 779 2587 adstaret,
807 2520 913 2577 obditis
942 2539 960 2578 a

89 2630 172 2700 tergo
186 2622 293 2681 iuribus
308 2626 375 2679 veto
388 2622 523 2687 discreta,
544 2621 620 2694 quod
636 2620 729 2677 visum
746 2626 867 2688 arceret,
881 2620 959 2678 audi·

88 2729 150 2783 turn
172 2742 230 2780 non
258 2722 407 2779 adimeret.
450 2721 528 2792 Quin
557 2724 587 2776 et
614 2720 724 2793 tegatis
747 2721 960 2791 Armeniorum,

88 2815 222 2884 caussam
243 2824 338 2898 gentis
358 2821 433 2894 apud
456 2820 604 2877 Neronem
625 2819 782 2887 orantibus,
800 2823 958 2877 escendere
1021 2806 1029 2816 ’

88 2933 255 3000 suggestum
271 2920 464 2995 Imperatoris,
484 2925 514 2976 et
535 2902 700 2991 praesidere
714 2918 799 2974 simui
821 2920 956 2989 parabat;

88 3027 156 3092 nisi,
182 3023 289 3081 ceteris
322 3038 430 3094 pavore
461 3017 573 3085 defixis,
610 3017 725 3072 Seneca
752 3015 957 3082 admonuisset,

87 3121 203 3181 venienti
215 3117 302 3177 matri
315 3123 477 3178 occurreret.
519 3117 573 3178 ita,
585 3112 684 3184 specie
700 3113 826 3184 pietatis,
837 3109 956 3166 obviam

88 3210 164 3280 itum
172 3220 319 3278 dedecori.
362 3216 438 3274 Fine
449 3215 529 3281 anni,
545 3210 665 3271 turbidis
679 3209 847 3275 rumoribus,
855 3224 953 3284 proru-
967 3218 988 3272 6

84 3320 158 3398 pisse
172 3335 289 3377 rursum
311 3313 433 3379 Partbcs
446 3320 471 3372 et
490 3310 555 3388 rupi
567 3307 740 3378 Anneninm,
760 3308 888 3363 adlatum
902 3311 956 3375 est,

83 3420 166 3498 pudeo
181 3413 376 3495 Rbndamc'sto,
390 3415 438 3491 qui
452 3429 545 3485 saepe
567 3410 662 3485 Regni
677 3408 739 3465 eius
756 3407 871 3481 potitus,
885 3404 955 3462 dein

87 3506 231 3593 proingds,
251 3523 311 3573 tum
332 3533 444 3590 qnoque
465 3515 572 3570 beilum
593 3509 766 3581 deseruerat.
808 3506 909 3579 igitur,
923 3502 955 3562 in

87 3621 156 3676 urbe
184 3632 351 3675 sermonum
379 3614 476 3684 avida,
510 3610 775 3685 ‘quemadmodum
804 3605 955 3676 Princeps,-

122 3754 301 3796 νοω..
419 3782 422 3788 .
525 3725 589 3786 30*
