2459 4267
295 379 343 444 24
622 396 809 447 suasurum
953 359 958 368 ⁶
1022 405 1054 453 a.
1069 404 1102 454 v,
1116 410 1170 455 aar.

294 553 391 609 ‘tores
412 550 684 623 expostulaverint3
704 568 756 609 cur
768 559 872 612 eontra
895 571 1005 614 morem
1024 558 1170 634 obsequii,

294 655 416 710 ‘contra
429 648 473 707 las
486 649 670 724 disciplinae,
684 650 746 709 vim
754 651 955 711 meditentur?
972 655 1171 715 decernerent

294 751 437 827 ‘legatos
464 766 553 825 seque
575 766 675 809 coram
706 752 844 809 mandata
868 751 993 810 darent?
1014 756 1177 814 Adclama-

294 868 375 920 vere,
395 856 447 908 ‘ut
456 850 535 908 tilius
550 849 651 908 Blaesi
666 850 796 908 tribunus
821 851 972 925 legatione
986 869 1022 908 ea
1035 853 1172 928 tungere-

292 954 367 1017 ‘tur‚
386 953 553 1023 peteretque
571 947 711 1006 militibus
731 947 900 1006 missionem
913 952 951 1007 ab
970 951 1102 1008 sedecim
1115 969 1169 1012 an·

292 1047 366 1104 ‘nis
399 1052 499 1104 cetera
522 1048 717 1114 mandaturos,
742 1048 793 1104 ubi
821 1048 913 1121 prima
940 1049 1167 1121 provenissent:

291 1145 429 1204 Prolecto
441 1146 559 1213 invene,
570 1146 717 1205 modicum
726 1146 833 1203 otium:
847 1149 899 1204 sed
913 1147 1059 1221 superbire
1068 1151 1170 1219 miles,

291 1246 367 1319 quod
380 1245 456 1302 lilius
481 1245 580 1320 legati,
598 1250 695 1303 orator
719 1245 853 1318 publicae
867 1263 997 1314 caussae,
1023 1247 1096 1304 satis
1119 1266 1168 1307 os·

292 1345 436 1412 tenderet,
457 1344 632 1403 necessitate
646 1361 795 1417 expressa,
819 1361 892 1419 quae
916 1363 966 1417 per
988 1346 1166 1406 modestiam

239 1460 350 1521 20non
375 1443 577 1502 obtinuissent.
619 1446 737 1502 luteres
762 1443 911 1516 manipuli,
932 1449 1000 1501 onte
1022 1451 1164 1517 coeptam

289 1542 466 1602 seditionem
492 1544 673 1615 Nauportum
700 1542 781 1600 missi
809 1543 847 1598 ob
877 1541 984 1599 itinera
998 1531 1034 1600 'et
1055 1549 1166 1616 pontes

289 1647 320 1702 et
345 1641 419 1699 alios
449 1659 525 1710 usus,
554 1645 705 1716 postquam
736 1643 879 1698 turbatum
899 1641 1054 1699 incastris
1075 1660 1165 1700 acce·

287 1759 366 1815 pere,
401 1741 513 1799 vexilla
533 1743 729 1811 convellunt3
749 1739 925 1814 direptisque
952 1740 1094 1813 proximis
1115 1742 1163 1800 vi·

286 1838 340 1906 cis,
366 1837 487 1915 ipsoque
515 1841 676 1913 Nauporto,
703 1840 779 1913 quod
799 1837 952 1911 municipii
974 1839 1166 1909 instarent,

285 1936 441 1997 retinentis
467 1938 655 1996 centuriones
690 1937 780 1995 inrisu
807 1944 838 1994 et
865 1932 1063 2005 contumeliis,
1099 1956 1167 2012 pos·

285 2042 378 2096 tremo
393 2038 559 2095 verberibus
582 2037 780 2094 insectantur:
800 2035 956 2109 praecipui
977 2036 1007 2092 in
1024 2036 1163 2095 Aufidie-

283 2156 354 2197 num
368 2138 485 2206 Rulum,
499 2136 676 2210 preelectum
689 2141 857 2200 castrorum,
871 2134 923 2201 iri,
947 2151 1033 2208 quem
1055 2136 1161 2211 derep-

285 2241 346 2296 tum
368 2238 515 2303 vehiculo,
538 2234 661 2293 sarcinis
680 2238 814 2308 gravant,
837 2241 982 2308 aguntque
1006 2234 1103 2306 prirno
1128 2235 1162 2293 in

283 2336 412 2411 agmine,
426 2354 477 2409 per
495 2333 650 2392 ludibrium
664 2332 840 2406 rogitantes:
861 2339 918 2389 ‘an
933 2338 993 2389 tam
1012 2330 1162 2391 immensa

284 2448 401 2500 ‘onera
415 2439 475 2492 tam
498 2435 587 2505 longa
609 2432 715 2489 itinera
728 2432 853 2488 libenter
876 2430 962 2488 terret
974 2427 995 2487 i’
1037 2431 1160 2506 Quippe

282 2530 375 2589 Rufus
401 2531 451 2588 din
474 2531 671 2603 manipularis,
694 2529 764 2587 dein
786 2529 928 2596 centurio,
956 2544 1022 2586 mox
1049 2531 1160 2589 castris

282 2628 455 2702 praelectus,
478 2627 626 2702 antiquam
648 2629 805 2701 duramque
827 2627 962 2685 militiam
984 2631 1162 2696 revocabat,

281 2732 367 2783 vetur
379 2725 475 2798 operis
488 2743 524 2783 ac
536 2726 650 2795 laboris,
664 2731 695 2783 et
707 2744 744 2783 eo
757 2725 904 2793 immitior,
925 2724 991 2800 quia
1006 2727 1159 2785 tolerave-

228 2833 267 2890 21
281 2831 334 2883 rat.
376 2825 486 2882 Horam
509 2825 638 2882 adventu
662 2825 873 2899 redintegratur
894 2824 1009 2891 seditio,
1029 2828 1063 2881 et
1084 2824 1160 2901 vngi

279 2925 470 2983 circumiecta
489 2924 707 2997 populabantur.
749 2923 870 2980 Blaesus
881 2939 998 2996 paucos,
1021 2923 1158 2984 maxime
1221 2981 1222 2988 ,

280 3025 387 3100 praeda
399 3028 528 3090 onustos,
541 3022 577 3078 ad
592 3027 729 3079 terrorem
749 3027 910 3078 ceterorum
932 3021 1009 3078 affici
1023 3022 1157 3081 verberi·
1220 3009 1222 3028 ³

279 3128 341 3192 bus,
364 3122 463 3181 claudi
485 3137 602 3178 carcere
626 3119 716 3177 iubet.
738 3137 805 3177 nam
819 3120 908 3178 etiam
929 3125 989 3177 tum
1010 3121 1113 3192 legato
1137 3138 1157 3179 ι

278 3222 495 3283 centurionibus
509 3224 539 3275 et
559 3218 670 3290 optimo
692 3236 804 3292 quoque
827 3216 1047 3290 manipularium
1071 3235 1156 3290 pare-

279 3326 370 3381 batur.
411 3321 462 3379 llli
474 3317 569 3376 obniti
591 3316 780 3383 trahentibus,
802 3334 937 3390 prensare
959 3316 1158 3375 circumstan-

306 3493 393 3540 Ctsudi
402 3492 496 3553 masere]
529 3491 554 3536 ln
569 3491 646 3537 matris
656 3489 743 3536 stativis
760 3503 813 3546 ergo
821 3502 909 3534 carcer:
926 3493 951 3535 et
968 3503 1018 3535 cnm
1036 3490 1154 3538 exereitus

277 3558 386 3603 moveret,
402 3551 491 3597 eosdem
510 3556 590 3597 catena
605 3548 734 3606 trsbebarrt,
749 3562 811 3596 more
828 3547 930 3607 militari,
948 3554 974 3596 ut
994 3547 1050 3597 alibi
1066 3549 1153 3598 dicam

279 3609 379 3658 lurensi.
389 3613 412 3664 u,
423 3611 474 3656 56⁰.
490 3608 552 3665 Lipr.
