2459 4267
195 383 202 388 .
258 286 303 353 18
567 310 753 358 manarum
980 316 1011 362 a.
1026 314 1057 362 v.
1073 319 1126 364 aaa.

253 466 326 519 ‘aaa
340 460 473 519 mandari
487 462 542 520 tibi
551 462 649 521 veita’
689 463 844 521 Perculsus
864 464 1022 538 improvisa
1035 466 1127 525 inter·

253 560 415 635 rogatione,
444 562 572 635 paullum
598 561 732 620 retinuit:
761 563 842 630 dein,
866 567 995 623 nollemo
1012 567 1125 636 animo,

253 659 421 731 respondit:
441 660 653 735 ‘Nequaquam
672 661 810 717 docorum
830 662 931 735 pudori
951 663 1015 729 suo,'
1025 667 1127 739 legere

255 758 384 833 ‘aliquid
397 764 447 817 aut
459 759 572 817 esitare
586 777 627 817 ax
640 776 685 829 eo,
697 758 747 816 oui
760 759 792 817 in
806 761 976 820 universum
986 764 1129 821 excusari·

251 855 391 916 ‘maliet’
429 858 554 916 Rursum
572 859 697 917 Gallus:
728 856 854 936 (etenim
884 863 966 919 vultu
989 862 1126 921 offensio·

252 974 321 1016 uem
334 955 569 1036 coniectaverat)
588 963 667 1016 ‘non
685 958 799 1018 idcireo
821 959 1050 1037 interrogatum’
1071 962 1124 1030 ait,

252 1063 303 1115 ‘ut
324 1057 479 1127 divideret,
500 1076 574 1133 qnae
594 1061 724 1134 separari
743 1059 913 1135 nequirent3
940 1063 993 1119 sed
1019 1066 1126 1119 utana

252 1155 452 1214 ‘noniessione
466 1163 640 1232 argueretur,
655 1175 744 1216 unum
763 1176 828 1216 esse
841 1159 885 1216 rei
905 1159 1043 1233 publicae
1064 1177 1128 1217 nor·

251 1263 333 1330 ‘pua
353 1262 439 1331 atque
458 1258 543 1315 unius
564 1258 664 1317 animo
682 1256 860 1333 regendum?
869 1257 981 1315 addidit
1001 1260 1122 1318 laudem

251 1357 290 1414 de
305 1358 448 1431 Augusto,
461 1356 672 1432 Tiberiumque
686 1357 781 1431 ipsum
795 1357 983 1416 victoriarum
997 1374 1124 1426 auarum,

167 1483 169 1486 ’
250 1474 380 1533 quaeque
400 1456 432 1513 in
447 1460 515 1531 toga
529 1474 580 1530 per
593 1461 637 1513 tot
650 1473 743 1514 annos
756 1458 872 1532 egregie
883 1457 1010 1524 fecisset,
1025 1458 1125 1514 admo

250 1558 325 1616 nuit·
367 1557 433 1613 Nee
449 1555 516 1613 ideo
537 1557 610 1613 iram
632 1556 696 1613 eins
718 1556 833 1621 isnivit,
861 1556 973 1629 pridem
996 1555 1125 1623 invisus,

250 1662 397 1730 tamquam
418 1656 506 1714 dueta
519 1655 550 1712 in
565 1654 779 1713 matrimonium
792 1654 948 1728 Vipsania,
962 1654 1003 1711 M.
1016 1655 1126 1729 Agrip-

250 1773 306 1829 pae
330 1756 400 1823 iiiia,
419 1772 492 1829 quae
520 1755 667 1829 quondam
693 1754 809 1811 Tiberii
835 1755 1033 1822 morinensi,
1058 1758 1123 1828 pius

250 1871 336 1930 quam
353 1853 456 1911 oirilia
469 1852 601 1928 agitaret,
617 1852 813 1926 Pollionisque
829 1853 928 1910 Asinii
940 1854 1030 1926 patris
1046 1856 1121 1912 tero-

201 1942 329 2013 lssotam
353 1952 500 2011 retineret.
542 1952 614 2010 Post
638 1968 713 2027 qnae
727 1953 763 2010 L.
780 1952 944 2016 Armatius,
957 1953 1037 2010 hand
1052 1956 1124 2011 mui-

252 2060 314 2112 tum
341 2053 509 2126 discrepans
536 2069 554 2108 a
579 2050 662 2108 Galli
680 2050 821 2118 oratione,
844 2051 964 2123 perinde
981 2052 1124 2111 offendit:

250 2172 423 2231 quamquam
438 2151 561 2211 Tiberio
570 2153 650 2208 uuila
663 2156 747 2208 vetus
761 2150 792 2207 in
808 2151 978 2208 Arruntium
990 2151 1052 2222 ira3
1072 2153 1126 2210 sed

230 2295 233 2300 .
251 2254 386 2322 divitem,
401 2259 572 2328 promptum,
586 2249 694 2306 artibus
708 2233 833 2324 egregiis
847 2255 877 2307 et
886 2250 948 2324 pari
961 2251 1041 2314 fama
1054 2254 1125 2325 pun
1172 2289 1175 2294 ·

252 2352 321 2420 liae,
335 2350 532 2425 suspectabat.
575 2348 691 2423 Quippe
706 2348 853 2423 Augustus
866 2350 1007 2422 supremis
1016 2367 1126 2408 semo·

251 2449 336 2508 nibus
367 2466 437 2507 oum
471 2452 617 2515 tractaret,
646 2448 765 2523 quinam
798 2447 922 2521 adipisni
957 2446 1124 2523 prinoipem

252 2550 352 2605 locum
371 2546 518 2603 suffecturi
542 2548 713 2615 abnuerent,
727 2552 776 2604 aut
796 2546 920 2621 impares
935 2550 1060 2617 vellent,
1073 2551 1127 2606 vel

251 2645 342 2706 iidem
365 2649 484 2717 possent
505 2653 721 2720 cuperentque:
741 2645 784 2702 M.
799 2643 934 2723 Lepidam
946 2646 1065 2705 dixerat
1078 2664 1124 2704 σα·

248 2760 353 2823 paoem,
372 2742 423 2801 sed
438 2750 649 2821 aspernoatem3
668 2744 784 2803 Goliam
805 2742 936 2802 Asinium
954 2744 1078 2815 audem,
1097 2755 1125 2806 et
1185 2735 1190 2740 ’

253 2923 334 2978 altera,
343 2919 453 2967 exercitus
462 2940 468 2968 ε
478 2919 554 2990 tertia,
561 2919 695 2990 provincias.
713 2919 759 2966 Vni
766 2934 794 2965 ex
803 2920 851 2967 istis
860 2934 936 2980 parem
947 2934 972 2966 se
979 2919 1068 2979 aiebat,
1078 2932 1127 2968 nou

252 2980 360 3029 omuibus.
392 2980 606 3026 Atbonohrstnoni
623 2980 725 3024 detracta
741 2980 901 3039 propemodum
919 2994 1015 3041 persona
1028 2985 1072 3037 est,
1083 2980 1123 3027 im-

252 3041 341 3104 provisa
350 3038 525 3098 interrogatione
534 3038 602 3085 Galli.
634 3038 697 3094 Dips.

284 3123 357 3169 Vultu
365 3119 505 3180 ‹fiemionsm
520 3117 685 3188 foniectooerot]
718 3116 760 3185 lut.
777 3130 790 3162 e
807 3117 871 3163 vultu
878 3116 973 3171 Tiberii,
985 3117 1007 3188 in
1026 3119 1123 3188 quosig-

256 3197 286 3231 na
295 3181 420 3229 offensionis
430 3193 473 3226 non
484 3183 537 3224 sutis
547 3175 698 3221 drssrmulatae
712 3175 848 3222 eminebant.
879 3176 1053 3237 Praepositroms
1064 3177 1131 3225 huius

252 3242 346 3289 omissae
355 3242 419 3302 plura
428 3237 529 3297 exempla
538 3240 588 3282 aunt
597 3234 657 3293 apud
668 3242 773 3280 nostrum.
804 3234 865 3280 Era.

281 3320 389 3373 Asidam.
410 3321 430 3362 u
446 3314 563 3375 minorem]
604 3312 701 3359 Murato
718 3312 809 3371 legenti,
833 3313 933 3370 uvidum,
949 3314 988 3359 aad
1003 3315 1123 3370 minorem,

253 3379 351 3425 Piohena
361 3377 488 3423 assentitur.
508 3374 552 3419 vid.
564 3372 592 3419 ad
601 3377 624 3429 5,
635 3376 656 3420 3.
689 3371 738 3429 Ego
747 3376 770 3415 at
784 3371 938 3431 rescripserim.
960 3372 1021 3418 Em.
1054 3373 1129 3419 Dedit

253 3437 296 3482 hoe
305 3435 365 3481 Brot.
397 3434 568 3480 Animadvertat
578 3433 613 3477 hin
623 3430 686 3477 nobis
696 3430 804 3477 studiosus
813 3430 964 3490 eloquentiae,
976 3436 1061 3492 quanta
1071 3437 1126 3478 arte

253 3495 300 3540 sine
308 3492 355 3599 oga
372 3491 514 3542 affectatione
522 3490 622 3543 variatae
637 3490 680 3538 sint
690 3488 820 3549 locutiones,
829 3489 949 3549 affecturi
957 3491 1007 3537 aia.
1016 3495 1041 3537 et
1049 3490 1125 3548 impu-

254 3565 322 3604 tttot
342 3553 385 3598 ent.
