2459 4267
447 371 671 427 massam
946 375 976 428 ι’

98 531 190 595 tiano
206 528 406 602 restitutum
429 528 543 590 Latine
560 541 593 591 ut
609 531 730 612 loqu&
757 527 856 591 inuis
870 527 975 592 fabola

5 703 7 714 ,
97 647 166 698 est.
191 657 229 697 ao
253 636 350 697 eredo
365 655 422 695 eos
447 637 686 710 hominemne}
706 637 767 697 boc
787 634 973 709 muleeat,

5 819 6 822 Ἴ
98 741 303 803 indormiisse
318 741 402 802 bello
418 740 570 815 Troiane,
592 750 626 803 et
649 741 732 805 illinc
749 739 903 803 Merula
919 760 975 804 sn

99 848 267 910 sumsisse.
328 845 462 908 Constat
499 846 583 908 enim
614 847 700 932 apud
736 847 902 928 vigilantes
942 854 976 911 st

100 953 240 1027 sobrios,
257 952 472 1020 Domitianum
496 974 514 1013 a
545 952 628 1014 ludis
655 954 722 1015 suis
748 953 974 1029 meshribss,

102 1056 220 1137 quibus
251 1065 341 1115 eane
364 1052 502 1115 Tacitus
539 1053 671 1117 Praetor
708 1053 831 1117 Romae
858 1053 971 1131 adluit,

102 1181 170 1223 vn.
195 1160 362 1221 dumtaxat
388 1179 488 1221 annos
511 1159 643 1232 vixisse,
671 1170 788 1222 octavo
814 1161 974 1245 conspira-

101 1265 334 1327 tionssuorum
356 1264 510 1326 weisunt.
559 1264 651 1327 Haec
667 1264 734 1327 lare
750 1265 781 1327 ia
805 1264 891 1351 Rep-
937 1265 975 1329 ln

5 1375 6 1398 ³
102 1372 231 1456 privata
256 1370 326 1431 eins
355 1369 421 1429 vita
446 1369 610 1432 istasunt.
656 1369 800 1433 onrem
825 1371 916 1433 desit
940 1391 974 1433 s.

106 1502 138 1542 v.
162 1501 194 1542 e.
220 1499 398 1541 nocem.
444 1478 648 1563 Vespasiano
675 1500 740 1542 ux.
764 1489 796 1541 et
823 1480 863 1543 C.
895 1480 976 1542 lulio

104 1586 257 1666 Agricola
287 1604 371 1645 coss.
398 1584 566 1664 Agricolae
596 1584 699 1660 liliam,
726 1586 821 1668 idque
858 1586 913 1647 illi'
936 1584 977 1647 ad

109 1702 285 1753 extremam
312 1697 446 1752 aetatem
476 1710 609 1753 concors
635 1699 668 1752 et
691 1691 889 1774 tranquillum
916 1710 977 1751 ma-

110 1796 288 1858 trimonium
312 1795 383 1857 fuit.
429 1794 564 1857 Liberos
576 1795 661 1857 lrand
681 1796 776 1858 dubie
793 1795 928 1879 reliquit,
943 1802 978 1859 et

108 1923 148 1964 ex
165 1902 214 1975 iis,
238 1900 298 1963 nisi
315 1900 499 1962 coniectura
514 1901 614 1975 fallor,
638 1903 731 1983 longo
745 1902 909 1964 intervallo
924 1922 976 1964 ne·

107 2017 212 2093 potem
238 2008 287 2069 M.
312 2005 479 2069 Claudium
510 2006 670 2082 Tacitum,
694 2009 748 2091 qui
767 2016 877 2091 postea
893 2007 976 2091 lurp.

111 2113 289 2196 appellatus
305 2121 355 2174 est
372 2112 432 2192 (sie
448 2111 529 2173 enim
552 2133 625 2174 eum
649 2113 874 2198 Imperatorem
891 2132 976 2173 num·

112 2221 156 2281 mi
182 2220 350 2303 appellant,
366 2239 428 2280 non
454 2228 490 2281 ut
515 2220 641 2298 vulgos,
662 2218 700 2278 P.
725 2219 865 2281 Annium
880 2216 1003 2298 ‘Paci-t

111 2327 207 2405 tum),
238 2325 299 2405 qui,
322 2332 357 2386 ut
398 2323 447 2385 ΡΙ.
479 2324 646 2408 Vopiscus
677 2324 785 2396 refert,
815 2327 977 2407 parentem

111 2451 201 2492 saum
217 2431 376 2513 appellare
401 2430 483 2494 hunc
512 2429 663 2492 Tacitum
687 2429 819 2491 solebat.
866 2426 976 2490 Histo-

5 2523 7 2538 ’
111 2536 174 2597 riae
189 2534 377 2596 scribendae
400 2554 495 2595 senex
521 2533 807 2607 demumracavit,
831 2554 903 2596 enm
929 2554 976 2596 rs-

5 2683 6 2694 ,
111 2641 228 2722 liquum
245 2638 356 2700 aetatis
373 2638 402 2700 in
418 2639 485 2700 loro
500 2645 533 2699 et
559 2639 680 2701 caussis
706 2638 831 2700 orandis
846 2640 974 2719 egisset.

113 2744 165 2807 Ex
191 2743 285 2806 Plinii
311 2743 464 2827 epistolis,
488 2751 520 2804 et
547 2742 696 2805 Tacitum
724 2743 753 2805 in
780 2742 976 2827 principibus

113 2850 290 2911 oratoribus
307 2848 416 2922 luisse,
440 2856 472 2909 et
496 2849 651 2910 orationes
682 2849 799 2930 aliquot
825 2848 976 2922 edidisse,

114 2954 325 3033 intelligimus.
373 2952 535 3035 Aequales
558 2952 678 3026 habuit,
702 2952 834 3015 Fabium
855 2952 977 3023 Quinc·

116 3059 263 3133 tiliannm,
280 3066 446 3139 utromque
472 3057 617 3133 Plinium,
635 3058 745 3119 lulium
763 3058 902 3131 Florum,
920 3055 977 3118 Se·

116 3163 264 3236 cundum,
289 3162 478 3238 Maternum,
500 3163 548 3224 Μ.
574 3162 710 3248 Aprum,
735 3159 869 3246 Eprium
894 3160 977 3221 Mar·

35 3313 37 3320 ·
115 3267 240 3341 cellum,
271 3266 461 3350 Vipsanium
491 3259 684 3329 Messallam.
747 3264 885 3348 Scripsit
916 3263 977 3346 pri·

116 3392 199 3433 mum
229 3372 376 3448 omnium,
402 3372 614 3434 Historiarum
645 3369 742 3432 libros
772 3369 812 3429 ab
842 3388 977 3430 excessu

118 3475 253 3538 Neronis
269 3477 309 3538 ad
324 3478 488 3561 imperium
505 3476 645 3539 Nervae.
691 3474 816 3537 Deinde
838 3473 980 3537 Annales

117 3581 158 3643 ab
184 3581 322 3665 Augusti
343 3603 481 3647 excessu
506 3581 545 3643 ad
561 3582 651 3646 linem
676 3580 824 3644 Neronis.
872 3575 982 3638 Nomi·
