2459 4267
387 595 420 651 C.
440 593 615 648 corsuum
635 593 764 649 'I'AClTi

479 798 648 878 VITA

540 1050 596 1088 m

289 1235 543 1318 IVSTVM
585 1237 863 1318 LIPSIVM

475 1490 656 1528 (mmini-

137 1631 249 1713 Carus
267 1647 469 1713 coarsuros
486 1649 656 1722 Tsorrus,
673 1645 725 1710 cui
742 1647 837 1727 vulgo
854 1645 891 1708 P.
908 1664 996 1732 pm.

137 1781 244 1823 nomeu
257 1762 388 1837 fuciunt,
400 1784 460 1825 nou
471 1763 520 1825 ilia
532 1763 664 1847 patricia
673 1764 819 1828 Cornelis
830 1773 934 1846 gente,
940 1764 999 1827 sed

138 1866 192 1929 etia
216 1868 317 1929 miuus
344 1868 457 1942 illustri
472 1877 562 1930 natus
577 1878 638 1945 est,
654 1872 818 1946 extremis,
843 1879 875 1933 ut
892 1869 998 1954 opinio

137 1991 202 2034 mea
223 1974 297 2048 fert,
321 1972 377 2035 Ti.
402 1973 528 2036 Claudii
545 1974 626 2059 imp.
651 1977 856 2061 temporibus.
903 1973 998 2037 Pater

139 2096 275 2160 ususque
297 2065 433 2141 bonores
447 2080 601 2159 gesserint
616 2089 648 2143 et
665 2081 705 2143 ad
721 2080 837 2165 Remp.
854 2099 998 2142 accesse-

137 2182 205 2257 riut,
222 2203 333 2258 necne,
360 2192 444 2280 utre
466 2192 592 2246 vetusta
604 2192 641 2262 et
660 2185 791 2258 incerta,
807 2185 883 2246 nihii
909 2184 999 2245 adfir-

139 2306 237 2349 mem:
260 2288 389 2372 propius
404 2308 422 2349 a
436 2309 514 2350 vero
540 2288 642 2362 abest,
667 2288 771 2372 ipsum
798 2287 930 2373 primum
947 2288 996 2350 ius

136 2390 282 2474 imagines
296 2403 329 2455 et
345 2394 479 2456 honores
502 2394 532 2455 iu
548 2392 692 2460 familiam
715 2414 775 2456 nou
800 2394 890 2457 nimis
913 2394 998 2457 ilius·

23 2559 24 2588 ἐ
136 2503 210 2560 irem
226 2499 382 2561 intulisse.
398 2499 518 2562 isitium
539 2499 699 2580 dignitatis
727 2499 769 2561 itti
790 2500 849 2562 sub
872 2498 998 2584 Vespa·

23 2597 24 2604 '
130 2602 216 2666 siano
247 2603 327 2665 fuit:
365 2624 472 2686 aquo,
503 2602 605 2667 Ptinio
636 2611 777 2676 auctore,
807 2602 999 2667 Procurator

23 2757 24 2770 ,
135 2705 223 2770 datus
251 2706 373 2770 Galliae
402 2708 563 2790 Belgicae,
593 2709 729 2771 rationes
759 2708 916 2793 Principis
946 2709 999 2771 ad·

134 2812 341 2876 ministravit:
375 2834 456 2895 quae
486 2814 621 2895 dignitas
646 2817 787 2896 equestri
812 2815 913 2877 ordini
943 2814 998 2875 diu

135 2918 304 3000 peculiaris
331 2919 399 2981 suit.
457 2918 633 2994 Reversus,
658 2941 677 2980 a
704 2918 792 2994 Tito,
812 2927 847 2981 ut
875 2919 997 3005 opinor,

136 3020 348 3093 Quaesturam
377 3026 525 3109 accepit:
564 3033 651 3086 certe
687 3025 869 3104 dignitatem
887 3043 997 3106 (suam,

134 3146 224 3209 quam
241 3127 462 3213 Vespasianus
485 3130 701 3204 inchoaverat,
716 3139 839 3191 suetam
854 3135 886 3188 et
913 3128 998 3189 adiu·

23 3245 24 3310 ρ
136 3238 196 3295 tam
207 3254 312 3295 esses
327 3232 416 3308 Tito,
432 3234 549 3317 ipsein
568 3234 720 3298 Historiis
733 3233 914 3316 profitetur:
938 3252 998 3296 nec

135 3336 216 3408 aliud
249 3338 403 3423 suspicari
429 3347 489 3414 est,
513 3361 603 3422 quam
638 3340 863 3411 Quaesturam,
889 3345 943 3399 aut
971 3340 999 3402 si

136 3438 221 3503 forte
245 3439 463 3517 Aediiiiatem,
490 3444 562 3526 quia
589 3444 741 3507 Praetura
765 3464 838 3512 xiv.
874 3442 1002 3506 demum

138 3544 310 3611 Consulatu
327 3549 499 3614 Domitiani
520 3558 632 3612 auctus
648 3560 707 3616 est.
753 3552 790 3615 ln
806 3547 1003 3632 quaestoris

175 3670 244 3712 vos.
266 3671 290 3713 r.
570 3654 625 3716 B*
