2459 4267
181 283 245 336 nir
504 270 743 332 PRAEFATloo
827 304 830 308 ·

181 433 249 500 tola'
271 441 320 497 est
345 433 425 498 iuter
445 431 601 496 Pliniana·
628 430 704 496 Irib.
731 430 796 509 IX,
821 435 870 495 ro.
891 440 925 497 et
948 452 1052 520 penas

183 546 406 625 quemqueest
425 537 594 620 judicium.
1046 595 1073 612 ,⁴

225 647 392 710 Hactenus
409 643 518 710 Taciti
533 643 637 708 studia
652 649 685 706 et
701 642 924 708 meditamenta
937 666 1052 710 recen-

180 751 252 829 sui3
275 759 420 836 superest
444 760 479 812 ut
501 749 707 833 quorumdam
730 749 884 814 adversus
899 772 970 814 errm
987 753 1051 815 cri-

180 859 375 932 minationes,
391 877 452 920 non
468 855 598 922 editoris
614 854 758 931 adiectu,
778 855 835 917 sed
851 856 951 920 doctu
966 858 1051 922 veri·

180 965 264 1040 tatis,
288 961 477 1047 expendam.
524 961 630 1026 Nemo
652 960 735 1024 enim
761 960 828 1023 siue
855 962 1052 1027 adversariis

180 1089 324 1151 magnum
350 1088 461 1132 nomen
484 1066 641 1144 obtinuit3
668 1061 839 1149 etqnanro'
861 1069 1063 1142 celebratior¹

162 1169 165 1173 ⁴
181 1174 290 1239 'l'aciti
305 1173 396 1249 lama,
412 1181 498 1236 tauto
512 1171 707 1253 gravioribus
724 1176 823 1256 patuit
839 1174 1050 1238 accusationi·

179 1281 251 1345 bus·
298 1280 351 1343 Ac
374 1279 474 1364 primo
502 1279 640 1360 quidem,
655 1280 858 1342 criminantur
881 1282 1050 1362 malignum

179 1407 250 1454 eum
267 1385 365 1449 luisse
375 1395 405 1448 et
421 1399 600 1471 praeparo,
617 1385 670 1467 qni
682 1386 784 1447 omnia
795 1385 846 1456 ‚vel
859 1387 1050 1470 suspicioni·

179 1493 239 1556 hus
255 1492 456 1566 adulteraret,
474 1505 522 1554 vet
547 1496 575 1554 in
595 1492 783 1554 deteriorem
807 1500 926 1575 partem
944 1492 1059 1560 tralre·.

179 1609 239 1665 ret.
288 1599 379 1662 Haec
395 1606 483 1659 certe
505 1597 627 1678 maligni
647 1607 679 1658 et
707 1596 840 1680 improbi
862 1605 933 1659 sunt
950 1598 1050 1674 homi-
1142 1603 1153 1618 ‘

179 1706 375 1789 nis-qualem
391 1725 482 1766 nemo
498 1702 612 1768 dixerit
629 1701 790 1777 Tacitum,
803 1704 858 1785 qui
873 1704 1050 1772 sceleratos

180 1810 297 1896 passim
313 1810 424 1890 arguit,
446 1809 593 1871 virtutem
615 1808 734 1870 meritis
754 1807 899 1870 laudibus
920 1828 1060 1898 semper,

181 1915 304 1988 extulit,
318 1915 440 1980 amicos¹
450 1935 510 1976 non
524 1914 632 1976 habuit
649 1915 707 1977 nisi
723 1913 873 1998 optimos,
886 1915 1053 1999 ipsamque

181 2022 412 2103 malignitatem,
427 2001 513 2082 ‘salsa
538 2020 691 2083 libertatis
719 2020 828 2104 specie
853 2020 1050 2097 illudentem,

181 2148 290 2213 saepe.
308 2125 468 2212 corripuit.
516 2126 561 2189 Ar
599 2127 809 2211 suspiciones,
847 2127 1050 2208 conjecturas

119 2229 122 2236 ’
181 2234 351 2298 interserit.
397 2232 515 2297 Fateor
534 2233 705 2316 equidem:
736 2217 793 2293 sed
809 2253 863 2293 eas
884 2232 1050 2314 legitimas,

182 2348 215 2403 et
230 2339 314 2423 quod
331 2340 361 2402 in
377 2347 519 2402 veterum
542 2340 702 2412 librorum,
719 2358 799 2420 quae
814 2346 952 2422 superat,
969 2357 1046 2421 pau-

174 2445 278 2507 citate
308 2462 437 2527 prorsus
468 2442 577 2506 mirum
606 2452 666 2518 est,
697 2443 826 2506 aliorum
857 2444 1050 2528 scriptorum

182 2548 370 2623 testimonio,
386 2554 437 2609 aut
454 2547 591 2631 ipsarum
615 2569 718 2611 rerum
740 2558 849 2612 natura
863 2549 1051 2633 comproba-

182 2662 240 2718 tas·
287 2652 398 2715 Nullas
413 2653 442 2714 in
459 2652 588 2714 historia
604 2673 767 2737 usurpare,
783 2656 834 2715 vel
851 2654 1049 2738 ineptissimi,
1152 2689 1155 2694 -

181 2759 234 2822 sel
256 2756 455 2820 audacissimi
479 2757 651 2822 mortalium
676 2759 769 2822 foret.
816 2759 1049 2822 criminationis

182 2883 295 2927 causas
306 2863 454 2948 aperiam.
496 2863 635 2935 Quidam
647 2873 849 2950 corruptores
861 2874 893 2930 et
905 2863 1049 2949 corrupti

183 2968 334 3033 Tacitum
367 2969 512 3045 oderunt,
544 2969 629 3052 quod
664 2991 770 3032 eorum
809 2991 922 3034 arcana
951 2969 1049 3033 nuda·

181 3076 275 3153 verit,
298 3096 405 3138 eorum
432 3074 508 3136 vitia
528 3084 702 3160 perpetuus
726 3095 839 3150 censor
860 3076 1044 3159 exprobret.

181 3181 232 3246 Ut
254 3182 314 3245 sibi
336 3182 465 3264 aliisque
486 3180 590 3258 fucum
612 3181 739 3256 faciant,
760 3182 944 3254 calumniam
964 3181 1046 3244 hanc

181 3287 336 3369 ingerunt.
382 3286 429 3350 At
444 3287 525 3371 quis,
541 3285 599 3348 nisi
621 3287 708 3372 prins
728 3287 758 3347 ei
780 3287 875 3348 luerit
892 3265 1052 3349 malesana

181 3395 341 3455 oculorum
363 3392 459 3465 acies,
484 3392 728 3486 splendidiorem
755 3391 976 3478 purioremque
997 3412 1047 3455 so·

180 3498 242 3563 lem
255 3517 326 3560 esse
342 3517 486 3579 umquam
502 3506 633 3580 questus
648 3499 721 3561 esti
746 3498 839 3571 Quis,
856 3496 916 3558 uisi
933 3498 1047 3581 turpis,

92 3665 95 3678 ,
182 3603 315 3669 fideliori
333 3603 464 3689 speculo
486 3602 655 3667 irascitur?
686 3604 763 3684 Alii,
785 3622 942 3691 procaces
959 3602 1045 3686 inge·
