2459 4267
78 300 114 348 s
134 297 169 346 c.
186 302 223 348 m.
305 269 790 347 nn.xn.cm.17.-'20.
895 281 967 348 315

75 457 272 527 comitato,
285 452 395 528 regium
408 452 579 528 ingreditur,
596 453 777 528 genibusque
790 452 852 510 eius
866 471 969 527 provo·

74 554 181 620 lutus,
201 549 428 620 ‘Mithridaten’
447 553 551 627 inquit,
572 558 668 610 ‘terra
684 553 812 627 marique
827 552 967 609 Romanis
1045 628 1050 634 ι

74 656 163 725 ‘per
180 656 222 709 tot
245 668 337 708 annos
360 652 514 725 quaesitus,
536 659 641 726 sponte
662 655 772 710 adsum.
813 653 915 721 Vtere,
935 658 968 709 ut

77 751 206 818 ‘voles
227 752 307 823 prote
332 750 431 824 magni
454 750 663 818 Achaemenis,
683 753 759 826 quod
781 751 852 808 mihi
873 754 967 809 sotum

74 849 211 906 ‘hostes
231 866 290 906 nou
312 848 510 907 abstulerunt?
552 852 595 908 At
624 851 774 916 Eunones,
790 850 966 907 claritudine
980 844 1018 902 lu

77 947 160 1015 viri,
182 948 343 1006 mutatione
365 966 469 1016 rerum,
488 953 518 1006 et
539 967 627 1022 prece
647 950 723 1007 haud
744 952 889 1024 degenere
903 969 966 1024 per·

25 1090 38 1114 ,
76 1050 214 1113 ‘motus
228 1048 347 1104 adterat
367 1049 538 1120 supplicem,
552 1050 716 1124 tendatque,
737 1050 832 1124 ‘quod
845 1055 965 1125 gentem

76 1145 289 1212 ‘Adorsorum,
311 1148 386 1220 qnod
410 1164 492 1204 suam
515 1148 667 1204 dexteram
689 1151 833 1220 petendae
857 1149 964 1205 veniae

78 1236 270 1324 ‘delegerit’
312 1245 405 1302 Simul
426 1248 536 1319 togatos
558 1246 728 1320 litterasque
748 1247 785 1303 ad
806 1248 963 1304 Caesarem

81 1340 117 1399 in
135 1343 215 1399 huno
230 1343 345 1400 modum
360 1345 463 1401 mittit:
486 1345 578 1417 ‘Pop
591 1345 718 1402 Romani
730 1347 962 1419 imperatoribus,

79 1446 89 1473 ‘
104 1458 337 1516 magnarumque
351 1442 502 1501 nationum
517 1442 656 1519 Regibus,
676 1445 797 1519 primam
811 1463 849 1503 ex
863 1445 963 1504 simiti-

81 1539 211 1625 ‘tudine
232 1540 362 1599 fortunae
383 1543 562 1600 amicitiam:
590 1543 647 1602 sibi
667 1549 697 1602 et
717 1545 852 1619 Claudio,
871 1547 962 1604 etiarn

82 1639 348 1697 ‘communionem
372 1641 515 1699 victoriae
539 1661 613 1700 esse.
655 1644 804 1703 Bettoruna
828 1646 960 1720 egregios

81 1741 90 1768 ⁸
102 1737 190 1804 fines,
203 1737 338 1811 quotiens
358 1740 537 1815 ignoscendo
551 1741 734 1816 transigatur.
776 1743 828 1801 Sic
843 1745 962 1803 Zorsini

84 1836 191 1895 ‘victo
212 1836 285 1894 nihii
307 1845 446 1913 ereptum.
488 1840 545 1898 Pro
566 1840 748 1908 Mithridate,
768 1843 884 1916 quando
898 1859 961 1917 gre·

82 1936 176 1992 ‘vius
198 1943 364 2006 mereretur,
387 1956 446 1996 non
472 1941 643 2012 potentiam,
665 1957 722 1997 non
744 1941 878 2014 Regnum
899 1959 960 2014 pre·

83 2033 179 2099 ‘cari
214 2036 263 2091 sed
289 2054 326 2092 ue
367 2037 598 2110 triumpharetur,
627 2057 704 2097 neve
730 2056 839 2112 poenas
862 2039 960 2114 capite

82 2135 309 2207 ‘expendereh’
351 2137 393 2195 At
408 2138 557 2199 Claudius.
572 2155 744 2212 quamquam
758 2137 959 2197 nobititatibus
969 2135 1011 2194 20

83 2237 219 2294 externis
240 2235 329 2303 mitis,
352 2236 498 2294 dubitavit
522 2243 630 2304 tamen,
654 2236 789 2310 accipere
809 2237 960 2311 captivum

79 2341 172 2406 pacto
192 2336 304 2402 salutis,
325 2354 365 2394 an
379 2340 512 2409 repetere
532 2336 630 2404 armis,
644 2336 751 2394 rectius
766 2336 849 2394 toret.
891 2337 958 2394 Huc

83 2434 169 2491 dolor
189 2435 367 2500 iniuriarum,
380 2439 411 2492 et
433 2433 525 2492 libido
544 2434 695 2492 vindictae
709 2436 855 2509 adigebat.
898 2437 959 2495 Sed

82 2533 281 2590 disserebatur
303 2539 422 2591 contra:
454 2533 593 2608 ‘Suscipi
620 2535 727 2591 betium
752 2533 821 2591 avio
842 2533 958 2603 itinere,

82 2631 275 2704 ‘inportuosa
290 2631 377 2690 mari:
405 2634 441 2690 ad
462 2632 519 2689 hoc
534 2633 632 2707 Reges
646 2633 776 2704 feroces3
805 2650 895 2709 vagos
909 2653 957 2710 po·

83 2732 207 2804 ‘putos;
232 2733 324 2791 solum
338 2731 448 2806 frugum
463 2750 569 2807 egens:
590 2738 652 2791 tum
672 2734 800 2792 taedium
814 2754 852 2794 ex
868 2755 957 2804 mora,

82 2834 89 2860 ‘
103 2830 235 2905 pericula
246 2849 284 2887 ex
301 2831 493 2903 properantia,
504 2834 649 2890 modicam
662 2835 820 2893 victoribus
831 2837 956 2903 taudem,

81 2934 140 2986 ‘ae
162 2930 284 2986 muttum
305 2929 452 2998 infamiae,
473 2931 498 2988 si
521 2934 704 3005 petierentur.
719 2934 790 3007 quin
810 2934 956 3007 adriperet

82 3029 210 3095 ‘obtata
231 3035 261 3084 et
281 3037 411 3085 servaret
432 3032 582 3087 exsutem:
610 3029 669 3086 cui·
677 3030 758 3102 inopi
773 3037 881 3103 quanto
895 3032 956 3087 ton·

81 3124 214 3199 ‘giorem
238 3127 338 3195 vitam,
358 3132 440 3184 tanto
464 3131 527 3202 ptus
548 3128 685 3201 suppttcii
704 3126 784 3183 iore!
825 3127 881 3184 His
894 3146 955 3201 per·

82 3230 178 3282 motus
192 3223 309 3297 scripsit
329 3225 456 3293 Eunoni,
484 3225 638 3284 ‘meritum
657 3226 774 3299 quidem
794 3226 954 3293 novissima

82 3324 240 3396 ‘exempla
261 3323 465 3391 Mithridaten,
484 3341 540 3382 nee
554 3323 610 3381 sibi
626 3323 687 3382 vim
701 3325 738 3381 ad
751 3325 954 3398 exequendum

83 3422 206 3478 ‘deesse
218 3441 224 3476 ε
254 3439 356 3479 verum
369 3422 411 3479 ita
433 3422 589 3480 maioribus
608 3421 757 3495 placitum,
771 3428 879 3499 quanta
893 3442 954 3496 per

80 3519 217 3577 ‘vicacia
232 3520 263 3577 in
278 3520 402 3587 hostem,
422 3527 505 3579 tants
524 3521 718 3580 beneficentia
738 3523 877 3581 adversus
889 3541 954 3598 sup·

86 3608 95 3652 t
104 3619 196 3697 ptices
210 3620 362 3681 utendum.
383 3636 451 3682 nam
472 3618 632 3698 triumphos
644 3621 682 3680 de
702 3620 815 3698 populis
831 3622 953 3700 Regnir·
