2459 4267
90 357 215 409 surr:
275 360 345 409 ms.
372 365 395 411 s.
445 365 524 411 ose.
549 344 609 411 27.
637 342 696 411 28.
722 342 780 410 29.
832 360 836 366 ·
898 337 947 408 29

88 513 216 583 tionibus,
237 518 378 575 custodiis
406 524 549 592 portorum
563 537 595 576 se
623 518 764 582 inserunt,
777 531 858 590 spem
878 515 948 573 offe·

87 619 285 680 mnt,·metum
305 617 470 675 intendunt.
498 624 513 651 '⁴
522 619 678 690 Quousque
706 616 797 673 filium
821 616 947 687 lmpers·

87 714 169 770 ‘toris
190 715 412 773 obsidebimus?
444 718 507 790 quis
537 717 731 773 certaminum
757 712 847 771 linis?
879 713 948 769 Per·

87 813 243 870 ‘oennlone
257 821 288 871 et
303 815 455 872 Vibuleno
476 818 689 872 sacramentum
711 812 818 870 dicturi
830 808 949 869 sumus?

87 911 283 969 ‘Percennius
304 917 336 970 et
347 914 514 970 Vibulenus
527 913 674 985 stipendis
695 910 844 977 militibus,
865 925 949 985 egros

87 1010 225 1068 ‘emeritis
260 1009 444 1084 largientur?
472 1011 609 1086 deniqne,
644 1028 695 1084 pro
724 1009 890 1067 Neronibus
917 1013 949 1066 et

87 1109 211 1178 ‘limeis
232 1110 387 1184 imperinm
396 1112 495 1185 populi
514 1112 600 1169 itum.
620 1108 796 1183 capessenti
816 1109 885 1184 quin
900 1127 950 1183 po·

26 1235 31 1246 ·
87 1208 164 1276 ‘tius
186 1216 219 1267 ut
233 1210 389 1268 novissimi
401 1211 433 1267 in
454 1213 581 1284 eulpam,
593 1211 637 1267 its
649 1209 735 1284 primi
748 1210 785 1266 ud
799 1211 949 1282 poeniten·

87 1307 171 1365 ‘liuns
183 1313 301 1366 sumus!
327 1309 427 1366 Turdo
445 1316 521 1376 sunt,
535 1327 609 1383 quse
634 1311 665 1365 in
679 1326 833 1365 commune
846 1326 949 1380 expos·

86 1409 242 1464 ‘tulrntnr2
265 1407 411 1481 privatam
429 1409 552 1481 gretiam
576 1407 674 1465 stetim
694 1425 832 1475 mereare,
850 1409 949 1465 stetim

85 1505 243 1578 ‘recipies’
284 1506 446 1586 commotis
473 1523 526 1580 per
549 1508 623 1564 haee
651 1506 804 1573 mentibus,
827 1513 857 1564 et
872 1507 951 1563 inter

86 1619 115 1659 se
126 1605 280 1678 suspectis,
293 1606 446 1663 tironense
460 1610 610 1672 veterano,
624 1606 769 1680 legionem
792 1622 810 1664 s
832 1606 950 1680 legione

84 1697 248 1761 dissociant.
290 1687 371 1761 'l'um
400 1704 492 1762 redire
518 1703 669 1776 paullatim
695 1721 776 1762 emor
798 1703 949 1779 obsequii:

26 1799 27 1810 ¹
86 1801 215 1859 omittunt
251 1807 371 1875 portus3
392 1804 492 1881 signs,
508 1820 596 1861 unum
623 1803 655 1860 in
681 1805 778 1861 locum
804 1803 949 1877 principio

86 1901 231 1959 seditionis
242 1907 429 1975 congregate,
442 1919 508 1959 snus
518 1902 550 1959 in
563 1903 648 1960 sedes
662 1903 798 1960 referunt.
827 1902 949 1969 Drusus,
959 1910 1001 1970 29

86 2004 144 2055 orto
153 2002 200 2058 die
214 2006 248 2057 et
262 2007 367 2057 voests
381 2003 536 2068 concione,
547 2019 718 2077 quemquam
728 2002 807 2059 rudis
819 2001 949 2069 dicendi,

88 2099 236 2157 nobilitate
258 2099 401 2171 ingeniis,
427 2099 543 2159 incuset
570 2101 676 2175 priora,
690 2103 794 2173 probst
818 2117 953 2172 praesen·

87 2196 138 2253 tn:
167 2206 257 2273 neget
280 2206 332 2255 ‘se
359 2204 466 2257 terrore
493 2207 523 2256 et
546 2200 635 2257 minis
663 2198 771 2255 vineis
793 2198 885 2255 denos
912 2199 949 2256 sd

86 2298 273 2355 ‘morientium
287 2298 312 2386 si
328 2298 436 2365 vident,
449 2298 475 2355 si
488 2300 635 2372 supplices
649 2297 757 2364 sudlst,
778 2296 949 2370 scriniorum

86 2399 183 2469 ‘patri
219 2404 252 2456 nt
293 2401 423 2472 piscatus
461 2391 625 2473 legionum*
642 2415 744 2473 preees
777 2397 948 2471 exciperet!

52 2547 56 2554 .
86 2497 238 2565 orantibus,
265 2515 375 2555 rursum
401 2498 480 2555 idem
513 2498 645 2566 Blaesus,
671 2504 701 2555 et
734 2499 769 2557 L.
800 2498 947 2572 Apronius

86 2610 168 2667 eques
194 2598 344 2656 Romanus
372 2614 390 2653 e
415 2597 536 2655 cohorte
567 2596 665 2662 Drusi,
686 2598 836 2672 iustusque
861 2598 947 2657 Cato-

84 2691 152 2759 nius,
182 2695 268 2767 primi
280 2695 391 2751 ordinis
414 2696 557 2762 centurio,
585 2696 623 2752 nd
652 2695 805 2754 'liberium
829 2699 946 2756 mittun·

84 2794 146 2847 lnr,
174 2794 327 2851 Certatum
346 2793 416 2851 inde
436 2794 600 2862 sententiis,
612 2812 679 2874 eum
693 2795 753 2861 alii,
776 2798 947 2870 ‘opperien-

85 2890 147 2947 ‘dos
162 2893 274 2965 legatos
295 2899 381 2967 atque
405 2892 524 2950 interim
546 2894 686 2951 consituto
709 2897 946 2967 permulcendum

85 2989 242 3056 ‘militem’
255 2998 427 3048 censerent:
448 2990 508 3057 olii,
522 2991 701 3050 ‘tortioribus
714 2994 848 3050 remediis
861 3011 950 3065 ngen-
1053 3003 1061 3026 ⁶

26 3137 27 3140 ,
86 3086 185 3146 ‘dum'r
206 3090 278 3146 nibil
290 3089 321 3147 in
338 3092 426 3164 vulgo
440 3091 601 3149 modicum:
622 3097 739 3157 terrere,
753 3092 785 3148 ni
802 3098 947 3165 pareunt:

26 3185 28 3250 Ξ
86 3187 150 3243 ‘ubi
173 3189 384 3261 pertimuerint,
396 3189 514 3262 impune
534 3192 706 3249 contemni:
725 3192 802 3254 dum,
814 3190 948 3261 supersti
990 3175 995 3180 ⁵

26 3267 27 3272 ἵ
87 3283 144 3341 ‘tio
169 3292 280 3361 urgent,
317 3287 499 3345 sdiiolendos
524 3307 563 3346 ex
591 3291 667 3347 duee
698 3294 801 3353 metus,
827 3287 948 3344 sublatis

26 3415 27 3452 3
89 3384 258 3441 ‘seditionis
271 3384 454 3443 auctoribus?
494 3388 664 3459 Promptum
685 3387 721 3442 ud
746 3386 890 3459 asperiora
905 3384 948 3441 in·

87 3482 200 3551 senium
215 3484 311 3542 nuso
324 3489 403 3541 erut:
423 3471 546 3543 vosntos
566 3486 744 3542 Vibulenum
768 3491 797 3543 et
822 3485 949 3542 Persen·

87 3577 163 3635 nium
177 3580 303 3638 interfici
317 3581 403 3642 lubet.
444 3585 580 3642 uraount
595 3584 733 3660 plerique,
756 3585 833 3644 intra
854 3582 949 3639 leber·

121 3694 194 3736 vor..
213 3695 237 3734 r.
509 3677 553 3737 a*
