2459 4267
277 327 321 395 16
583 347 768 396 suuanrvu
996 353 1027 399 a.
1044 351 1073 399 v.
1091 354 1147 400 ror.

274 502 347 560 ‘rite
372 503 509 560 nuberet:
532 503 569 575 Q.
593 503 731 560 'l'ediiet
757 502 850 560 Vedii
877 502 1022 562 Pollionis
1041 506 1150 562 laxus:

274 609 282 635 ‘
299 609 444 677 postremo
458 602 557 670 Livia,
567 602 705 676 gravisiu
717 619 777 660 rem
787 601 932 675 publicam
942 603 1158 677 metecgravis

273 706 282 734 ⁶
295 703 393 760 domui
403 702 561 761 Camarum
570 718 706 760 noverea.
723 702 796 758 nibil
808 702 926 760 deorum
938 702 1096 759 bonoribus
1104 721 1154 760 rc·

223 791 226 794 ’
273 801 405 868 ‘lictum
418 818 485 858 cum
500 819 532 857 ae
553 800 672 872 templis
690 804 722 856 et
741 799 836 873 effigie
851 801 1001 858 numinum
1022 819 1075 873 per
1099 802 1153 859 da·

261 893 387 958 '‘mines
398 905 429 957 et
442 900 608 957 sacerdotes
620 899 679 956 coli
693 901 795 956 vellet.
811 917 849 955 ue
864 899 1015 957 Tiberium
1030 900 1153 973 quidem

274 999 419 1056 ‘caritate
433 1002 483 1055 ant
495 999 537 1055 rei
549 998 684 1071 publicae
692 1014 761 1055 onra
771 1014 968 1055 successorem
982 999 1129 1056 adscitum
1141 1021 1150 1056 ε

273 1096 493 1174 ‘sedquoniam
513 1097 714 1170 adrogantiam
727 1096 938 1170 saevitiamque
957 1097 1019 1162 eius
1040 1098 1151 1155 iubos·

273 1195 417 1269 ‘pencrit‚
436 1196 655 1268 comparatione
667 1195 821 1253 deterrima
841 1195 898 1252 sibi
924 1195 1045 1269 gloriam
1058 1215 1150 1270 quae·

273 1292 420 1350 ‘sivisse’
460 1293 579 1351 Etenim
596 1296 753 1368 Augustus,
777 1295 879 1366 paucis
891 1300 961 1351 ante
973 1294 1150 1361 annianum

273 1394 397 1452 Tiberio
411 1393 615 1451 Tribuniciam
629 1400 803 1466 potestatem
824 1412 842 1451 e
867 1393 1001 1450 Patribus
1028 1411 1146 1453 rumam

273 1495 444 1568 postularet,
464 1510 635 1568 quamquam
656 1494 765 1551 honora
784 1494 925 1557 oratioue,
943 1495 1085 1566 quaedam
1110 1496 1152 1552 de

273 1592 373 1649 habitu
387 1594 523 1665 cultuque
537 1597 566 1648 et
580 1592 722 1649 institutis
748 1592 811 1649 eius
831 1592 948 1656 iecerat,
968 1607 1041 1665 quae
1062 1595 1151 1651 uelut

224 1696 258 1754 ll
274 1692 442 1749 excusando
478 1692 675 1763 exprobraret.
728 1691 866 1748 Ceterum
894 1692 1040 1766 sepultura
1064 1708 1150 1748 more

274 1791 569 1863 perlecta,¹tcmplum
586 1795 615 1846 et
639 1793 783 1846 coelestes
806 1788 960 1862 religiones
983 1790 1150 1847 ‹leceruun·

273 1893 327 1948 tur.
369 1889 482 1945 Versae
496 1888 565 1946 inde
577 1890 614 1945 ad
630 1888 784 1945 'liberium
798 1905 905 1960 preces.
948 1888 987 1944 Et
1000 1887 1052 1944 ille
1062 1890 1149 1947 varie

271 1989 449 2047 disserebat:
469 1990 508 2045 dc
532 1980 732 2062 magnitudine
756 1986 881 2060 imperii,
900 2003 952 2043 sua
976 1987 1146 2058 modestia3

273 2090 381 2145 ‘solam
394 2086 458 2145 divi
473 2085 597 2160 Augusti
611 2090 740 2143 mentem
754 2090 853 2144 tantae
872 2085 957 2142 molis
978 2101 1124 2157 capacem
1136 2108 1147 2158 ;

275 2194 335 2257 ‘se,
354 2188 385 2246 iu
397 2193 507 2259 partem
520 2202 653 2243 curarum
665 2186 702 2242 ab
725 2185 779 2241 illo
802 2190 939 2242 vocatum
963 2184 1150 2257 experiendo

278 2288 447 2357 ‘didicisse
477 2302 563 2360 quam
578 2281 713 2351 'arduam
732 2299 818 2357 qnam
837 2282 999 2341 subiectum
1013 2284 1150 2342 tortuose

275 2385 415 2459 ‘regendi
428 2389 536 2441 cuncta
549 2400 629 2440 onus.
653 2382 773 2454 proinde
787 2382 818 2439 in
840 2382 973 2449 civitate,
993 2388 1036 2439 tot
1056 2383 1150 2441 inlus

276 2482 386 2539 ‘tribus
400 2482 471 2538 viris
485 2480 620 2548 subnixa,
635 2498 695 2538 non
713 2481 750 2537 ad
765 2498 854 2539 unum
867 2480 967 2539 omnin
979 2481 1148 2540 deterrent:

306 2655 407 2711 Templis
424 2659 443 2701 ct
461 2653 531 2758 αμα
541 2653 673 2714 numinum]
712 2655 800 2713 Mutua
819 2627 845 2700 εἴκ
860 2653 936 2702 insana
955 2656 1061 2703 ambitio:
1077 2670 1150 2717 quam

275 2712 1150 2821 dimidii:tuilllltlttll{ultitimtlitt‘lttiutro

276 2806 323 2879 case
332 2831 419 2891 colique
429 2787 499 2876 viluit
509 2845 550 2891 pro
565 2832 610 2877 deo
616 2849 623 2888 ;
639 2832 660 2877 in
673 2806 804 2901 provinciis,
814 2846 856 2877 nou
866 2832 888 2877 iu
901 2787 973 2886 lgtaliri.
994 2788 1036 2879 auij
1046 2834 1147 2880 Romae.

276 2894 367 2938 Sueton.
383 2893 419 2936 ⁵2.
436 2891 464 2936 de
474 2890 529 2935 urbe
538 2892 581 2936 ait:
599 2891 645 2937 Dio
654 2899 723 2936 ctiam
733 2891 762 2936 dc
774 2891 839 2936 ltalia
848 2893 884 2945 bl,
899 2893 936 2937 2⁰.
967 2891 1034 2942 Quod
1051 2892 1153 2939 Tacitus

275 2951 352 2998 scribit
370 2949 440 3009 effigie
450 2948 575 2996 numinum:
594 2950 656 2995 valet
674 2948 697 2996 in
716 2964 765 2994 cnm
785 2955 890 3003 mentem,
906 2955 932 2997 ut
950 2950 1012 3009 sigon
1037 2951 1148 3011 adposita

276 3008 371 3069 Augusti
381 3008 459 3055 statuis
478 3010 538 3055 sint:
555 3022 612 3069 qnae
622 3009 695 3054 solent
714 3008 819 3053 deomm:
836 3013 898 3068 puta,
914 3008 997 3066 radius,
1013 3010 1087 3064 hasta,
1102 3010 1150 3056 sul·

275 3085 333 3117 meu.
367 3070 540 3139 bucunlffibil.
571 3067 719 3114 Fulminibus
729 3068 930 3126 monearadis'eque
941 3068 1147 3115 ornabitetustris.

276 3132 355 3191 ltaque
369 3128 439 3174 Numi
449 3134 516 3173 ctiam
533 3127 607 3183 bodie,
623 3125 732 3186 inquibus
744 3127 835 3183 ‚climati
846 3132 913 3186 caput
923 3126 1041 3173 radiatum.
1075 3131 1107 3173 At
1120 3130 1150 3173 dc

275 3187 414 3236 Fluminibus
423 3193 447 3233 et
455 3186 606 3233 sacerdotibus
617 3184 719 3242 Augusti,
746 3185 797 3230 lena
808 3186 884 3231 omnia
893 3186 1039 3243 monimenta,
1053 3191 1077 3231 ct
1087 3187 1150 3247 puti-

276 3248 467 3296 dumsitrcferrc.
500 3246 559 3293 Vide
568 3244 669 3304 pluscula
688 3244 711 3289 in
744 3257 814 3289 rcurs.
846 3243 946 3302 omps

315 3327 405 3373 Habitu
420 3322 630 3392 cultuque-eius]
663 3322 701 3369 Ad
726 3321 826 3368 habitum
847 3328 949 3383 spectant
972 3323 1028 3369 hacc
1052 3323 1150 3372 Sueton.

277 3386 328 3433 Tib.
340 3401 358 3431 c.
371 3387 406 3431 68.
437 3384 554 3431 incedebat
571 3396 653 3428 ceruice
666 3381 743 3438 rigido
754 3385 774 3427 ct
785 3382 874 3437 obstipo,
889 3382 984 3429 adducto
995 3383 1050 3438 sere
1069 3386 1150 3441 vanu,

276 3446 404 3502 plerumque
422 3444 509 3497 lucitus,
520 3447 562 3489 ete.
597 3440 666 3487 Addit
684 3454 725 3501 pro
741 3440 824 3487 Tacito
842 3441 925 3486 etiam:
941 3442 1006 3493 Quae
1018 3443 1096 3489 omnin
1114 3444 1154 3489 in·

276 3507 349 3561 gruta,
361 3507 381 3546 st
390 3504 530 3557 arrogantiae
539 3503 614 3558 plena,
632 3499 789 3546 animadvertit
799 3501 925 3557 Angustus,
941 3505 961 3545 et
969 3515 1075 3548 cosme
1083 3505 1154 3547 lento·

277 3561 310 3607 uit
320 3573 379 3615 saepe
385 3561 445 3614 spond
454 3560 559 3605 Senatum
567 3564 587 3604 el
594 3560 708 3614 populum.
741 3562 816 3664 Algos
831 3559 886 3605 hoec
897 3560 925 3605 ad
936 3560 1054 3606 debiturn.¹
1070 3560 1095 3605 io
1105 3562 1154 3606 cnl-

276 3623 304 3667 tu
312 3619 359 3665 eius
369 3618 422 3678 quid
431 3618 531 3664 notabile
540 3624 581 3664 aut
591 3632 706 3677 arrogans,
724 3618 768 3665 bau
793 3632 850 3665 nunc
859 3618 950 3666 memini
961 3619 1043 3677 legere.
1086 3619 1151 3677 laps.
