2459 4267
301 313 375 393 296
645 340 830 390 suusnrvss
1025 347 1055 393 s„
1071 345 1103 394 v.
1121 347 1185 398 aar,

301 499 369 558 ullis
382 496 546 556 morutium
565 496 727 554 securitatis
741 495 837 564 luisse,
850 494 881 553 in
895 494 1019 554 civitate
1039 496 1177 555 omnium

303 597 524 676 guenerntntt
553 596 704 665 reticente,
719 596 823 652 nedum
851 595 1010 653 Consulem
1038 598 1179 669 designa·

305 703 454 764 turn,cum
475 714 564 754 uxore
592 693 746 768 Principis,
765 693 913 766 praedicta
945 693 1005 760 die,
1032 692 1178 752 adhibitis

305 797 354 872 qui
380 796 577 870 obsignarent,
610 794 691 851 velut
728 791 977 864 suscipiendorum
1016 792 1178 849 liberorum

187 902 193 913 '
306 908 419 962 cauere,
431 892 627 951 convenience
647 900 734 967 atque
761 892 841 949 illam
866 891 979 952 audisse
1010 892 1178 966 Auspicum

306 997 404 1062 verbe,
428 994 548 1055 sutrinse,
569 991 750 1049 sacrificasse
774 992 850 1064 apud
871 991 972 1048 Deos:
993 990 1175 1048 discubitum

304 1088 381 1148 iuter
404 1090 569 1151 convivens
599 1092 710 1156 meula,
739 1092 925 1163 complexus:
948 1094 1068 1147 noctem
1097 1089 1177 1147 deui-

304 1206 360 1265 que
382 1196 479 1247 sctum
500 1188 621 1247 lieentia
642 1187 799 1263 coniugali
841 1189 901 1245 Sed
928 1188 1002 1245 nihil
1031 1187 1176 1261 composi·

306 1294 367 1346 tum
388 1288 521 1346 miraculi
541 1305 654 1353 caussa,
669 1304 769 1344 verum
782 1285 881 1343 audita
894 1286 1059 1360 scriptaque
1079 1286 1177 1343 senio

253 1370 295 1431 28
308 1387 385 1445 ribus
399 1389 519 1445 trudam.
560 1387 653 1460 igitur
670 1387 770 1443 domus
799 1385 944 1457 Principis
965 1384 1173 1443 inhorruerat:

304 1486 498 1558 maximeque,
524 1502 595 1560 quos
622 1502 713 1558 penes
739 1485 880 1558 potentin,
906 1489 946 1546 el,
969 1485 994 1540 si
1010 1502 1055 1540 res
1079 1488 1175 1540 verte·

303 1586 377 1645 rent,
401 1580 533 1648 formido,
566 1599 626 1639 nou
652 1583 711 1639 iam
742 1582 864 1639 secretis
902 1581 1078 1656 conloquiis,
1118 1581 1176 1638 sed

205 1714 209 1721 ·
301 1686 403 1752 eperte
429 1679 558 1746 tremere,
586 1681 687 1738 ‘Dum
710 1681 813 1739 histrio
838 1680 1003 1738 cubiculum
1024 1680 1176 1754 Principis

305 1778 522 1845 ‘insultaveril‚
545 1780 674 1836 dedecus
691 1779 808 1854 quidem
835 1780 976 1847 inlatum
1006 1780 1057 1836 sed
1084 1780 1176 1837 disci·

305 1877 410 1935 ‘dium
434 1880 533 1950 procul
552 1877 698 1935 abluisse:
719 1895 798 1935 nuuc
811 1877 949 1937 iuvenem
960 1879 1099 1942 nobilem,
1109 1877 1176 1953 dig·

307 1982 316 2008 ‘
335 1975 427 2034 uitale
453 1975 571 2042 lurmee,
586 1976 616 2032 vi
632 1977 747 2053 mentis,
770 1994 806 2034 ac
821 1977 981 2050 propinquo
1001 1977 1177 2046 Consulatu,

307 2075 468 2132 ‘maiorem
489 2075 526 2131 ad
553 2091 634 2149 spem
667 2075 794 2148 accingi.
821 2092 876 2133 uec
908 2075 988 2132 euim
1014 2076 1175 2143 occultum,

309 2175 393 2248 ‘quid
415 2178 478 2245 post
492 2175 550 2230 tale
575 2173 788 2231 matrimonium
812 2170 992 2247 superesset’
1048 2173 1176 2231 Subibat

308 2271 372 2330 sine
399 2272 487 2330 dubio
512 2278 614 2338 metue,
633 2276 810 2344 reputantes,
831 2272 986 2330 ‘hebetem
1013 2271 1173 2330 Claudium

309 2375 357 2426 ‘et
371 2372 455 2428 uxori
478 2370 658 2434 devinctum,
678 2372 838 2445 multasque
863 2376 969 2428 mortes
991 2368 1070 2427 iussu
1095 2369 1175 2427 Mes-

309 2469 453 2526 ·salliuae
467 2468 613 2543 patratas?
654 2470 760 2527 Rursus
775 2469 838 2543 ipss
865 2468 991 2526 feciliter
1015 2469 1173 2542 lmpereto

308 2565 347 2623 ris
362 2566 496 2624 fiduciam
518 2568 616 2635 dabat,
648 2565 697 2623 ‘si
710 2568 864 2625 atrocitate
898 2568 1030 2625 criminis
1054 2583 1173 2639 proeve-

309 2664 457 2732 ‘luisscut,
495 2681 580 2737 posse
618 2666 741 2739 opprimi
774 2668 940 2724 damnatam
981 2672 1049 2723 ente
1086 2682 1173 2740 quam

310 2764 418 2817 ‘reem
488 2763 547 2820 Sed
572 2763 604 2820 in
626 2781 664 2820 eo
689 2766 846 2823 discrimen
870 2764 956 2828 verti,
988 2764 1015 2821 si
1041 2763 1173 2821 defensio

309 2857 482 2928 ‘audiretuu
505 2866 592 2935 utque
624 2863 744 2921 drusae
776 2871 859 2921 eures
897 2863 987 2921 etiam
1019 2860 1171 2920 confitenti
1208 2936 1216 2945 ,

258 2933 443 3016 2⁰·t0rent?
484 2960 532 3018 Ac
553 2960 646 3033 primo
670 2962 818 3029 Callistus,
841 2962 900 3019 iam
925 2959 999 3019 mihi
1022 2961 1099 3018 eirea
1123 2977 1171 3017 ue·

310 3074 376 3117 cem
396 3057 431 3115 C.
453 3058 586 3116 Caesaris
600 3065 739 3127 narratus,
759 3066 790 3119 et
805 3060 959 3134 Appianae
978 3058 1078 3117 caedis
1092 3060 1172 3117 moli·

311 3162 355 3214 tor
369 3156 532 3225 Narcissus,
553 3158 829 3234 flagrantiseimaque
853 3177 890 3215 eu
911 3158 1086 3230 intempore
1109 3174 1171 3231 gra·

311 3254 354 3310 tia
380 3250 487 3323 Pallas,
505 3258 666 3330 agitavere,
694 3265 789 3316 ‘uum
823 3258 1023 3315 Messallinem
1049 3256 1169 3313 secretis

311 3352 418 3411 ‘minis
443 3355 624 3428 depellerent
643 3373 740 3412 umore
769 3355 846 3424 Silii,
869 3361 977 3414 cuneta
1002 3354 1063 3412 aliu
1091 3354 1171 3412 dissi-

312 3440 504 3508 ‘mulantest’
537 3454 643 3513 deiude
676 3460 764 3522 metu,
787 3469 824 3513 ne
851 3456 888 3512 ed
912 3452 1073 3529 perniciem
1099 3455 1171 3511 ultro

312 3549 500 3621 traherentur,
520 3554 681 3616 desistunt:
716 3555 823 3625 Pelles,
843 3571 895 3630 per
916 3552 1086 3630 ignaviam
1106 3553 1171 3613 Cal
