2459 4267
36 303 176 354 aceo
247 302 334 351 rara.
359 302 422 351 ιιι.
473 300 553 352 cnr.
577 282 723 353 9.-·12.
846 287 920 359 au

39 459 188 527 reimerus,
215 456 323 515 omissa
352 456 470 515 'riberii
502 459 664 530 memoria;
697 464 923 537 quemquami·

41 576 163 636 quoque
178 557 305 616 miserat.
348 556 529 632 Addidilque
549 564 705 632 praecepta
718 557 844 636 (etenim
856 564 924 622 ede·

42 663 95 716 rat
123 651 327 733 Meherdates)
351 661 403 713 ‘ut
426 673 486 713 noa
510 655 743 717 dominationem
763 664 923 733 eleemos,

41 757 118 814 ‘sed
133 762 276 813 rectorem
290 761 321 812 et
334 755 419 812 cives
439 754 601 830 cogitarsl3
628 758 874 834 clementiamque
886 776 923 819 ac

42 854 217 922 ‘iustitiam
237 860 347 930 quanto
367 854 468 930 ignare
494 855 633 923 barbaris,
654 861 736 914 tanto
756 858 923 916 toleratione

42 951 258 1027 ‘capesseret’
298 951 379 1011 Hinc
393 969 494 1010 semus
509 954 546 1011 ad
565 956 688 1028 legatos,
702 958 819 1013 extollit
834 956 922 1014 leudi·

43 1055 103 1113 bus
132 1055 299 1110 ‘alumnum
320 1051 407 1120 urbis,
430 1059 580 1125 spectatae
607 1056 645 1113 ed
658 1054 688 1110 id
702 1055 871 1112 modestiae.
884 1069 922 1112 ac

42 1157 170 1210 ‘manen
189 1151 308 1209 serenda
329 1151 442 1226 Regum
462 1150 593 1225 ingenie,
613 1169 708 1226 neque
728 1152 791 1211 usui
804 1154 922 1211 crebras

42 1251 255 1308 ‘mutationes
298 1250 373 1307 Rem
394 1250 557 1307 Romanam
577 1249 635 1306 huc
655 1249 791 1307 satietate
811 1252 922 1324 gloriae

44 1356 251 1424 ‘provectam
279 1356 310 1407 nt
336 1350 468 1406 externis
493 1367 607 1429 quoque
636 1350 771 1424 gentilia
794 1352 922 1426 quietem

45 1446 163 1507 ‘velit’
205 1449 313 1506 Datum
340 1453 405 1522 post
431 1449 504 1506 hesc
532 1449 568 1507 G.
599 1449 712 1515 Caesio,
738 1449 788 1524 qui
817 1449 921 1523 Syriae

45 1552 194 1622 praeerat,
206 1547 350 1604 deducere
362 1546 500 1605 iuvenem
514 1547 606 1621 ripam
621 1549 658 1605 ad
669 1548 835 1621 Euphratis.
876 1547 920 1607 Ea
933 1546 974 1608 12

45 1651 224 1719 tempestate
236 1646 354 1704 (lessius
364 1651 477 1703 ceteros
490 1646 688 1718 praeminebat
699 1647 802 1719 peritia
813 1650 920 1722 legum.

45 1762 117 1803 nam
132 1743 273 1802 militares
287 1752 363 1801 artes
384 1744 539 1817 parotium
559 1744 688 1819 ignotae,
707 1744 920 1819 industriosque

47 1848 98 1902 aut
112 1846 236 1919 ignavae
252 1860 310 1916 pax
329 1843 361 1899 in
375 1860 468 1916 aequo
482 1848 572 1899 tenet.
615 1842 767 1908 Attamen,
781 1850 921 1917 quantum
1033 1836 1042 1843 ’

46 1942 113 2001 sine
129 1944 207 1999 bello
220 1944 351 2006 dabatur,
371 1958 508 1999 revocare
530 1941 655 2015 priscum
676 1958 794 2009 morem,
809 1941 921 2000 exerci-

46 2049 110 2101 tare
126 2040 267 2117 legiones,
277 2057 356 2106 cura,
367 2020 491 2111 provisu,
508 2039 628 2112 perinde
640 2056 735 2112 agere,
746 2057 781 2096 ac
792 2040 817 2096 si
828 2039 920 2097 hostie
960 2060 964 2065 ·

47 2140 219 2213 ingrueret:
254 2137 297 2194 ita
324 2132 443 2210 dignum
474 2135 629 2192 maioribus
656 2134 726 2201 suis,
753 2141 783 2191 et
809 2134 921 2192 familie

48 2237 155 2296 (tassia
170 2243 256 2301 ratus,
275 2252 326 2308 per
345 2235 411 2293 illas
425 2251 536 2308 quoque
550 2239 654 2307 gentes
667 2235 821 2289 celebrata.
864 2232 920 2308 lgi-

48 2341 95 2395 tur
108 2335 227 2400 excitis,
239 2351 359 2407 quorum
378 2333 415 2389 de
432 2332 580 2389 sententia
593 2332 701 2404 petitus
716 2332 792 2400 Rex,
806 2331 920 2405 positis·

49 2453 106 2511 que
133 2433 239 2492 castris
265 2433 342 2505 apud
375 2432 518 2504 Zeugma,
543 2431 623 2487 uude
649 2431 776 2487 maxime
803 2431 920 2504 pervius

49 2533 156 2599 amnis,
176 2537 326 2606 postquam
350 2529 485 2587 inlustres
510 2527 622 2599 Parthi,
646 2529 769 2604 Rexque
790 2530 919 2588 Arabum

51 2633 187 2690 Acbarus
210 2631 380 2695 advenerat,
406 2633 507 2684 monet
533 2627 737 2693 Meherdaten,
769 2630 920 2688 ‘barbaro-

50 2736 129 2787 ‘rum
154 2729 271 2807 inpetus
288 2745 372 2784 acres
391 2727 579 2784 cunctatione
601 2730 797 2801 languescere,
817 2737 865 2786 aut
886 2730 918 2789 in

51 2827 222 2901 ‘perfidiam
249 2825 370 2885 mutari:
399 2825 498 2897 itaque
525 2835 638 2899 urgeret
666 2825 791 2899 coepta?
832 2828 919 2899 Quod

51 2932 179 2999 spretum
207 2925 306 2981 fraude
334 2924 452 2991 Acbari,
479 2925 527 2998 qui
555 2924 693 2981 iuvenem
720 2925 861 2996 ignarum,
888 2929 920 2981 et

51 3040 192 3082 summanr
214 3023 358 3081 fortunam
379 3023 409 3081 in
438 3024 506 3079 lnxu
531 3029 633 3089 ratum,
657 3023 764 3079 multos
785 3039 837 3092 per
855 3020 919 3077 dies

51 3123 177 3180 adtinuit
196 3123 272 3194 apud
292 3121 431 3193 oppidum
451 3121 602 3178 Edessam.
644 3119 682 3176 Et
703 3126 830 3174 vocante
850 3119 919 3176 Gar·

51 3221 148 3289 mene,
179 3226 401 3294 ‘promptasque
424 3219 478 3276 res'
499 3223 676 3284 ostentante,
695 3216 738 3272 ‘si
761 3215 814 3272 cili
831 3217 919 3272 adve-

51 3315 204 3385 ‘niseent‚’
231 3335 289 3374 non
316 3317 449 3374 cominus
484 3315 736 3388 Mesopotamiam,
760 3315 813 3370 sed
840 3313 920 3371 flexu

54 3418 225 3476 Armeniam
254 3422 365 3487 petunt,
398 3417 426 3473 id
463 3414 600 3489 temporis
633 3414 825 3486 inportunam,
852 3410 919 3486 quia

50 3515 143 3584 telem
160 3516 340 3592 accipiebat.
380 3516 460 3574 Exin
482 3514 599 3573 nivibus
623 3519 655 3572 et
678 3511 823 3573 montibus
841 3510 920 3579 fessi,
