2459 4267
59 317 203 366 acu.
302 258 452 362 maxia.
502 294 770 364 canda-31.
873 299 941 365 321

62 473 293 545 ‘componeret
303 469 542 539 autisidiouiotis,¹
552 476 582 530 et
590 478 729 530 terrorem
737 472 876 530 adversas
886 472 945 531 ric·

63 574 182 636 ‘torcia
196 588 242 639 ne,
258 569 467 637 fortunaciani,
490 576 619 629 nostram
638 589 750 647 qnoque
773 589 877 645 pacem
890 578 946 627 tur·

64 672 198 726 ‘barent
210 668 227 724 :’
247 688 315 726 uam
341 670 388 725 vis
411 669 564 727 innumera
579 670 678 744 Lygii
691 671 824 744 aliaeque
842 678 947 745 gentes

65 762 284 835 adventabant,
298 769 376 856 tama
387 768 458 824 ditis
478 769 569 843 regui,
588 770 664 843 quod
686 770 822 827 Vannius
842 771 945 828 XXX.

68 886 127 943 per
152 885 246 924 annos
270 867 505 940 praedationibus
533 872 566 943 pt
589 869 783 943 vectigalibus
815 874 945 927 auxerat.

67 968 139 1040 ipsi
164 983 266 1022 manus
289 967 403 1038 propria
427 967 552 1039 pedites,
566 985 687 1041 equese
708 969 849 1025 Sarmatis
864 969 947 1042 isay·

67 1067 160 1142 gibus
176 1070 248 1131 erat,
258 1065 341 1138 inpar
357 1065 533 1122 multitudini
546 1066 692 1123 hostium:
713 1084 805 1140 eoque
816 1069 947 1125 castaliis
1022 1054 1032 1081 '

68 1182 140 1223 sese
171 1164 333 1247 defensare,
368 1165 531 1237 betiumque
562 1166 669 1220 ducere
695 1171 843 1223 statuerat.
885 1167 945 1223 Sed
957 1161 999 1219 30

70 1265 212 1336 Iazyges,
244 1262 406 1319 obsidionis
441 1262 631 1334 inpatientes,
660 1267 689 1319 et
723 1264 869 1336 proximos
896 1282 948 1337 per

69 1379 196 1435 campos
211 1362 291 1434 vagi,
306 1361 553 1418 necessitudinem
575 1378 690 1435 pugnae
713 1363 852 1429 adtutere,
879 1363 948 1436 quia

71 1461 191 1535 Lygius
206 1460 479 1533 Hermundurusque
492 1458 556 1517 ittic
569 1458 747 1534 ingruerant.
789 1461 881 1537 Igitur
897 1462 947 1519 de·

70 1577 190 1634 gressus
213 1558 342 1616 castettis
364 1559 511 1623 Vannius,
537 1559 666 1623 tunditur
685 1562 817 1634 proelio:
849 1579 947 1636 quam·

73 1675 163 1734 quam
177 1659 261 1714 rebus
275 1658 416 1724 adversis,
431 1659 572 1725 laudatus,
597 1662 691 1734 ‘quod
705 1665 736 1718 et
749 1678 875 1735 pugnam
888 1678 947 1718 ma·

71 1764 135 1814 ‘nu
156 1757 305 1830 capessiit,
329 1763 361 1813 et
382 1773 503 1830 corpore
526 1758 651 1814 adverso
666 1759 787 1816 vulnera
810 1757 947 1831 excepit.¹

74 1856 218 1914 Ceterum
231 1856 267 1912 ad
280 1857 415 1922 classem,
428 1855 460 1913 in
487 1856 627 1915 Danubio
647 1855 861 1928 opperientem,
884 1875 947 1929 per·

72 1954 160 2028 sugit.
203 1954 305 2011 Seeuti
326 1972 396 2011 mox
423 1954 557 2022 clientes,
580 1959 621 2021 et,
647 1951 777 2026 acceptis
801 1952 887 2026 agris,
914 1955 946 2013 in

73 2052 231 2112 Pannonia
245 2053 335 2110 locati
348 2058 425 2111 suut.
465 2054 601 2127 Regnum
623 2052 743 2126 Vangio
767 2069 802 2109 ac
818 2052 890 2109 Sido
904 2052 947 2110 in·

74 2157 121 2209 ter
144 2169 177 2208 se
199 2151 354 2224 partirem,
375 2151 492 2227 egregia
512 2152 653 2209 adversus
667 2154 720 2208 nos
738 2151 813 2209 fider
835 2152 947 2210 subiec-

73 2252 123 2317 tis,
147 2269 238 2308 suone
265 2268 303 2309 an
331 2251 444 2308 servitii
471 2249 603 2323 ingenio,
626 2251 695 2307 dum
715 2250 946 2323 adipiscerentur

74 2349 301 2418 dominationes,
325 2352 415 2408 mutia
442 2350 573 2421 caritate,
597 2356 629 2408 et
651 2350 761 2408 maiore
778 2350 856 2418 odio,
870 2356 946 2424 post·

74 2467 163 2525 quarn
176 2449 276 2522 adepti
295 2454 371 2507 suut.

117 2549 162 2606 At
189 2547 220 2604 in
242 2547 397 2605 Britannia
418 2547 453 2605 P.
476 2547 633 2618 Ostorium,
647 2568 698 2623 pro
719 2551 866 2617 Praetore,
890 2543 995 2607 tundi

75 2645 164 2704 bidae
179 2664 224 2703 res
246 2663 402 2719 excepere,
416 2645 514 2704 effusis
528 2646 559 2704 in
573 2666 673 2722 agrurn
700 2651 844 2708 sociorum
859 2651 946 2707 hosti·

76 2747 140 2821 bus,
167 2762 205 2802 eo
230 2745 398 2811 violentius,
424 2746 499 2819 quod
528 2763 638 2805 norum
659 2749 785 2814 Ducem,
814 2750 947 2808 exercitu

76 2845 188 2919 ignoto,
210 2847 240 2900 et
253 2850 358 2916 coepta
380 2844 487 2914 hieme,
509 2845 614 2904 iturum
627 2849 746 2906 obviarn
766 2867 824 2906 non
846 2851 948 2905 reban-

78 2948 131 3002 tur.
175 2943 231 3000 ltte
255 2959 370 3015 guarus,
393 2943 493 3015 primis
516 2946 672 3029 arentibus
693 2953 801 3002 metum
816 2953 864 3002 aut
879 2946 948 3001 fidu·

75 3040 154 3101 ciam
168 3040 260 3115 gigni,
273 3041 348 3100 citas
371 3043 505 3101 cohortes
527 3043 622 3115 rapit:
642 3050 682 3105 et,
695 3044 790 3099 caesis
803 3042 853 3114 qui
868 3041 948 3099 resti·

77 3144 183 3203 terant,
196 3139 335 3196 rtisiectos
349 3147 547 3206 consectatus,
562 3159 598 3197 ne
623 3158 717 3197 rursus
740 3141 947 3212 conglobaren-

78 3243 132 3304 tur,
156 3239 327 3313 inieusaque
347 3242 378 3296 et
399 3239 489 3297 intida
508 3257 641 3313 pannon
664 3239 751 3306 Duci,
773 3255 831 3295 non
852 3236 948 3304 mitid,
990 3259 994 3265 ·

77 3337 205 3410 requiem
221 3337 409 3410 permitteret,
429 3339 582 3396 detrahere
601 3356 681 3396 arma
695 3336 847 3410 suspectis,
860 3353 948 3394 cunc·

78 3439 178 3510 tosqne
214 3435 318 3494 castris
345 3438 382 3495 ad
420 3441 576 3497 Auvonam
603 3445 633 3494 et
666 3438 818 3495 Sabrinam
845 3435 950 3496 fluvios

111 3587 359 3654 Trigintupsrannrs]
390 3592 501 3654 legitima
510 3593 569 3643 ratio
578 3598 637 3642 esset
646 3597 682 3646 33.
695 3606 821 3651 nnunaos.
852 3591 917 3651 Liris.
969 3590 981 3604 ⁴
