2459 4267
75 340 105 383 n.
122 334 151 382 c.
166 336 206 383 ns.
312 333 383 380 nra.
410 331 461 379 ιιι.
502 329 591 381 cnr.
617 314 739 381 2.-5.
880 313 952 382 129

80 485 267 553 crediderim,
289 485 413 543 'l'iberio
432 490 463 543 et
484 487 627 560 Angusta,
647 486 697 561 qni
718 487 805 545 douso
824 501 884 545 nun
903 504 953 546 ex·
1033 538 1046 558 ,

81 586 238 647 cedebant,
248 584 418 650 cohibitam,
426 590 458 642 ut
471 602 523 657 par
536 601 658 654 moeror,
666 590 697 643 et
708 586 808 644 matris
817 588 954 660 exemplo

79 682 153 740 avis
175 689 289 756 quoqne
313 688 343 740 et
363 690 481 756 patruus
505 683 624 740 attineri
649 682 825 741 viderentur.
869 685 986 752 Diem

76 797 136 854 qun
149 780 289 855 reliquiae
302 784 414 838 tumulo
423 782 554 855 Augusti
576 782 781 851 inserebantur,
803 784 890 841 moth
902 799 954 857 per

80 879 233 936 sitentium
260 886 368 946 vastus,
396 882 485 937 modo
510 882 669 954 ploratibus
695 881 831 955 inquies:
865 883 954 954 plena

79 977 162 1034 urbis
174 977 289 1044 itinera,
310 979 501 1036 conlucentes
522 996 574 1051 per
592 995 728 1052 campum
748 978 851 1036 Martis
864 980 953 1037 taces.

76 1075 145 1132 illic
163 1075 247 1131 miles
269 1093 338 1133 cnm
364 1077 462 1143 armis,
482 1076 560 1133 sine-
575 1076 738 1150 insignibus
759 1078 953 1151 magistratus,

80 1175 207 1246 populus
227 1192 286 1247 per
297 1175 398 1240 tribus,
425 1175 612 1232 ‘concidisse
633 1175 788 1248 Rempubl.
802 1176 875 1233 nibil
888 1175 954 1249 spei

9 1337 10 1340 Ἴ
81 1271 480 1344 ‘reliquum‚’clemitabnnt;
494 1271 653 1345 promptius
667 1273 858 1347 apertiusque,
867 1291 953 1349 quam

9 1359 10 1422 ss
78 1377 114 1427 ut
134 1372 303 1428 meminisse
323 1371 553 1445 imperitantium
572 1372 716 1430 crederes.
757 1371 840 1429 Nihil
855 1378 954 1430 tamen

82 1469 240 1527 Tiberium
264 1472 355 1544 magis
380 1471 556 1543 penetravit,
578 1487 665 1544 quem
686 1469 782 1527 sturlis
804 1471 954 1528 bominum

77 1586 209 1625 accensa
223 1569 255 1629 in
272 1569 483 1642 Agrippinam
510 1586 579 1626 cum
604 1571 713 1626 ‘decus
728 1568 847 1642 patriae,
861 1571 954 1626 solum

79 1666 218 1741 ‘Augusti
242 1668 424 1740 sanguinem,
451 1667 570 1724 unicum
591 1667 773 1741 antiquitatis
796 1665 955 1740 specimen’

9 1763 10 1802 ἶ
80 1767 278 1840 adpellerent,
292 1766 427 1839 versique
447 1766 485 1821 nti
498 1768 613 1822 coelum
633 1783 669 1822 ac
684 1767 766 1823 Deos
792 1767 955 1840 ‘integram

84 1863 148 1920 ‘illi
162 1865 303 1929 subolem,
317 1880 352 1919 ac
364 1864 551 1936 superstitem
565 1863 746 1937 iniquorum‚’
759 1871 953 1937 precarentur.

9 1977 12 2028 1,
81 1962 193 2025 Fuere,
219 1961 270 2034 qui
298 1962 431 2033 ‘publici
459 1960 567 2017 luceria
594 1959 738 2035 pompam’
766 1959 986 2035 requirerent,5

9 2105 10 2136 ,
82 2064 352 2132 compararentque,
371 2065 463 2132 ‘quae
485 2059 516 2116 in
540 2060 676 2124 Drusum,
702 2065 813 2133 patrem
835 2058 955 2115 Germa·

84 2158 176 2224 ‘nici‚
198 2158 305 2213 honora
325 2162 355 2213 et
374 2156 528 2231 magnifica
550 2159 699 2231 Angustus
719 2156 846 2213 iecisset.
862 2154 956 2225 ipsum

84 2256 210 2329 ‘quippe
223 2255 381 2327 asperrimo
393 2255 499 2311 hiemis
514 2255 656 2312 Ticinum
670 2271 758 2327 usque
768 2269 956 2326 progressum,

9 2415 10 2424 χ
82 2360 199 2427 ‘neque
222 2354 429 2410 abscedentem
453 2369 470 2410 a
493 2370 614 2425 corpore
637 2352 722 2409 simul
746 2352 847 2407 urbem
870 2350 956 2408 intre

9 2495 10 2498 ,
84 2452 202 2508 ‘vissez
231 2451 418 2509 circumtusus
443 2451 728 2524 lectofillaudlorum
748 2449 955 2524 Liviorumque

82 2551 267 2624 ‘imaginesz
294 2550 431 2606 defletum
453 2550 483 2606 iu
508 2549 578 2616 soro,
600 2549 748 2607 laudatum
769 2566 820 2622 pro
841 2549 953 2606 rostris:

84 2656 211 2707 ‘cuncta
226 2667 244 2705 a
259 2650 413 2705 maioribus
428 2655 551 2721 reperta,
564 2656 612 2705 aut
627 2666 701 2723 quae
714 2649 821 2722 posteri
836 2650 955 2707 invene·

85 2750 175 2815 ‘riut,
192 2751 349 2805 cumulata.
392 2750 433 2805 At
457 2748 635 2805 Germanico
656 2766 694 2804 ne
714 2749 814 2805 solitos
830 2750 956 2823 quidem,

85 2853 136 2904 ‘et
163 2848 337 2920 cuicumque
364 2844 456 2902 nobili
483 2847 596 2903 detritos
629 2847 761 2915 honores,
789 2848 956 2920 contigisse.

9 2983 11 3004 r
83 2946 190 3002 ‘Sane
210 2962 322 3017 corpus,
342 2946 379 3001 ob
399 2944 639 3018 longinquitatem
661 2945 806 3012 itinerum,¹
826 2945 957 3001 externis

87 3042 190 3098 ‘tersis
216 3057 330 3117 quoquo
356 3044 443 3110 morlo
468 3048 647 3099 crematum:
682 3044 732 3099 sed
767 3048 849 3099 tanto
876 3044 958 3114 plura

83 3145 213 3199 ‘decora
240 3157 308 3197 mox
337 3140 424 3198 tribui
452 3141 502 3212 par
528 3140 626 3207 inisse,
654 3145 762 3213 quanto
785 3140 877 3211 prima
899 3139 957 3193 t'ora

84 3246 96 3290 ,⁶
107 3239 285 3311 negavisset.
310 3256 369 3295 non
397 3240 507 3305 iratres,
535 3238 592 3295 nisi
616 3238 700 3294 unius
727 3237 787 3293 diei
815 3236 874 3300 via,
899 3252 957 3290 uon

89 3343 253 3411 ‘patruum
266 3340 370 3395 saltem
391 3344 474 3412 porta
494 3343 588 3405 tenus,
607 3336 736 3392 obvium.
751 3335 800 3392 ubi
813 3334 865 3390 illa
880 3339 958 3389 vete-

89 3442 175 3494 ‘rmn
197 3435 349 3493 instituta?
376 3437 553 3510 propositam
578 3443 640 3491 toro
661 3433 794 3508 effigiem,
820 3430 958 3488 meditata

85 3535 150 3594 ras
176 3534 344 3593 memoriam
369 3535 484 3594 sinclis
511 3535 652 3602 carmina,
674 3540 704 3591 et
728 3531 910 3596 laudationes
930 3538 959 3594 et
