2459 4267
227 287 303 359 aab
557 309 742 358 susurru
958 309 1101 360 avara

228 462 386 523 inlecebris
398 468 477 522 eret:
497 464 721 538 ventitabatque
734 464 805 522 illuc
830 461 922 529 Nero,
936 479 993 537 quo
1018 466 1094 522 solu·

230 560 297 627 tius,
318 562 417 617 urbem
443 567 536 628 extra,
563 560 722 618 lasciviret.
777 558 878 633 lgltur,
898 560 1098 634 ‘regredienti

230 676 283 734 per·
310 657 391 717 eiam
418 658 596 716 Flaminiam
617 658 793 729 compositas
817 657 949 724 insidias,
981 657 1100 731 latoque

230 756 368 824 evitatas,
385 757 522 833 quoniam
533 757 651 814 diverso
665 757 771 814 itinere
787 756 980 813 Sallustianos
991 755 1020 812 in
1037 758 1103 812 hor·

231 860 277 913 tos
290 855 474 922 remeaverit,
487 861 690 930 auctoremque
703 855 766 912 eius
779 854 840 912 doli
856 852 987 921 Sullam,’
1002 873 1103 911 emen·

230 953 321 1011 titur:
349 953 417 1028 quie
442 953 524 1020 lorte,
550 953 739 1010 redeuntibus
777 951 916 1009 ministris
940 952 1104 1025 Principis,

229 1051 355 1127 quidam,
369 1068 421 1124 per
447 1049 607 1108 iuvenilem
635 1050 796 1118 licentiam,
816 1068 890 1125 quae
905 1056 976 1107 tunc
991 1052 1102 1123 passim

230 1150 429 1219 exercebatur,
441 1148 560 1207 inanem
575 1156 683 1207 metum
697 1148 836 1206 lecerunt.
877 1150 983 1222 Neque
1002 1166 1103 1206 servo-

230 1264 294 1306 rum
306 1246 466 1324 quisquam,
479 1264 572 1323 neque
586 1247 738 1304 clientium
753 1249 852 1304 Sullae
867 1248 1004 1320 agnitus:
1021 1265 1103 1304 mnx-

231 1346 347 1421 tmeque
361 1347 510 1420 despecta,
529 1350 559 1403 et
573 1344 680 1403 nullius
702 1346 764 1403 ausi
787 1361 882 1419 capax
903 1352 1006 1402 natura
1026 1346 1102 1413 eius,

229 1444 383 1504 eufimiae
397 1445 567 1501 abhorrebat
581 1463 589 1499 :
610 1442 730 1517 perinde
758 1450 865 1509 lamen,
883 1444 965 1518 quasi
979 1444 1102 1501 convic-

229 1546 275 1599 tus
288 1547 375 1607 esset,
394 1542 500 1598 cedere
521 1540 624 1614 patria,
637 1547 668 1596 et
697 1540 926 1598 Massiliensium
941 1543 1096 1599 moenibus

176 1632 219 1693 ts
229 1637 358 1698 coerceri
384 1638 505 1696 iubetur.
547 1636 657 1696 lisdem
671 1639 847 1697 Consulibus
862 1641 980 1697 auditae
995 1641 1101 1697 Puteo·

230 1741 361 1796 landrum
375 1737 545 1813 legationes,
564 1755 636 1812 quas
657 1737 788 1794 diversas
812 1739 882 1795 ordo
905 1741 1047 1813 plebeque
1061 1740 1098 1796 ad

232 1838 373 1895 Senatum
387 1836 545 1894 miserant:
565 1835 610 1893 illi
631 1836 712 1893 ‘eim
726 1836 928 1903 multitudinis,
944 1837 974 1892 hl
985 1837 1095 1911 Magis·

230 1940 379 1993 ‘tratuum
400 1942 431 1992 et
446 1934 529 2009 primi
552 1934 690 2008 cuiusque
713 1932 875 1991 avaritiam’
902 1935 1102 2008 increpantes.

113 2048 118 2055 '
233 2035 365 2109 cumque
377 2032 483 2092 reditio
496 2034 532 2090 ad
546 2049 628 2100 saxu,
642 2033 678 2089 ad
693 2031 786 2090 minas
800 2032 922 2106 ignium,
935 2050 1100 2106 progressa,

231 2150 337 2192 necem
346 2139 376 2190 et
390 2149 469 2190 arma
491 2130 652 2205 perliceret,
667 2131 701 2189 G.
725 2130 845 2188 Cassius
868 2130 1038 2188 adhibendo
1053 2149 1095 2188 re·

231 2231 329 2289 medio
348 2233 487 2289 delectus.
507 2230 575 2306 quia
585 2229 772 2287 severitatem
781 2230 844 2286 eius
858 2246 916 2285 non
925 2232 1102 2296 tolerabant,

231 2312 370 2403 precante
378 2330 450 2403 ipso,
461 2331 498 2387 ad
506 2329 674 2387 Scribonios
687 2327 788 2384 iratres
797 2345 832 2384 ea
840 2327 1099 2395 curatranslerlur,

231 2427 299 2485 dala
322 2429 443 2485 cohorte
465 2427 630 2485 Praetoria:
649 2427 732 2484 euius
746 2432 864 2493 terrore,
877 2431 907 2483 et
934 2442 1098 2499 paucorum

177 2517 221 2578 49
231 2526 387 2599 supplicio,
406 2527 492 2583 rediit
505 2525 659 2598 oppidanis
668 2523 835 2581 concordia.
877 2525 946 2581 Non
960 2525 1096 2582 referrem

231 2624 463 2695 vulgatissimum
475 2625 776 2688 Senatusconsultum,
787 2632 795 2655 ‘
806 2640 863 2698 quo
875 2623 994 2680 civitati
1012 2627 1097 2697 Syra·

228 2726 427 2777 ‘cusanorum
446 2722 546 2792 egredi
573 2739 733 2786 numerum,
753 2722 873 2778 edendis
887 2722 1095 2796 gladiatoribus

231 2815 375 2884 ‘linitura
402 2818 622 2891 permittebatur
631 2818 648 2875 ε’
669 2820 725 2878 uisi
749 2821 855 2877 Paetus
878 2820 1014 2876 Thrasea
1028 2837 1097 2877 con·

232 2922 278 2979 tra
290 2915 423 2983 dixisset,
437 2916 673 2992 praebuissetque
684 2919 834 2975 materiem
853 2919 1097 2977 obtrectatoribus

231 3017 398 3090 arguendae
425 3016 606 3073 sententiae:
627 3017 708 3074 ‘Cur
732 3016 859 3077 enimsi
885 3015 991 3088 Remp.
1011 3033 1098 3089 egere

230 3116 386 3174 ‘libertate
411 3115 715 3183 Senatoriaurederel,
735 3120 794 3170 lam
816 3112 894 3170 levia
914 3123 1099 3171 consectare·

231 3211 323 3272 ‘turi
342 3212 411 3287 quin
434 3214 473 3269 de
497 3214 585 3280 bello,
610 3219 660 3270 aul
685 3231 767 3286 pace,
791 3213 828 3269 de
848 3213 1044 3284 vectigalibus
1068 3217 1099 3269 et

230 3319 241 3348 ⁶
256 3313 368 3388 legibus
381 3310 540 3386 quibusque
554 3311 620 3370 aliis
642 3310 775 3395 Romana
787 3310 983 3379 continentur,
995 3312 1096 3368 suade·

230 3462 468 3569 msfflfffl'w]
499 3463 543 3513 vn
555 3464 651 3527 qma
670 3469 694 3513 e
708 3462 809 3524 alapa
826 3461 948 3522 numu„
965 3462 1101 3525 mpura
