<?xml version="1.0" encoding="UTF-8"?>
<!DOCTYPE html PUBLIC "-//W3C//DTD XHTML 1.0 Transitional//EN"
    "http://www.w3.org/TR/xhtml1/DTD/xhtml1-transitional.dtd">
<html xmlns="http://www.w3.org/1999/xhtml" xml:lang="en" lang="en">
 <head>
  <title>
</title>
<meta http-equiv="Content-Type" content="text/html;charset=utf-8" />
  <meta name='ocr-system' content='tesseract 3.04.00' />
  <meta name='ocr-capabilities' content='ocr_page ocr_carea ocr_par ocr_line ocrx_word'/>
</head>
<body>
  <div class='ocr_page' id='page_1' title='image "./ccorneliitaciti02unkngoog_0035.png"; bbox 0 0 2459 4267; ppageno 0'>
   <div class='ocr_carea' id='block_1_1' title="bbox 447 309 994 366">
    <p class='ocr_par' dir='ltr' id='par_1_1' title="bbox 447 309 994 366">
     <span class='ocr_line' id='line_1_1' title="bbox 447 309 994 366; baseline 0.004 -2"><span class='ocrx_word' id='word_1_1' title='bbox 447 309 670 364; x_wconf 71' lang='lat' dir='ltr'>PRAEFATIO.</span> <span class='ocrx_word' id='word_1_2' title='bbox 938 323 994 366; x_wconf 79' lang='lat' dir='ltr'><strong>m</strong></span> 
     </span>
    </p>
   </div>
   <div class='ocr_carea' id='block_1_2' title="bbox 117 464 1051 2782">
    <p class='ocr_par' dir='ltr' id='par_1_2' title="bbox 117 464 999 1294">
     <span class='ocr_line' id='line_1_2' title="bbox 117 464 995 548; baseline -0.003 -14"><span class='ocrx_word' id='word_1_3' title='bbox 117 470 185 547; x_wconf 89' lang='lat' dir='ltr'><strong>nio,</strong></span> <span class='ocrx_word' id='word_1_4' title='bbox 201 475 234 538; x_wconf 86' lang='lat' dir='ltr'><strong>et</strong></span> <span class='ocrx_word' id='word_1_5' title='bbox 248 468 458 533; x_wconf 74' lang='lat' dir='ltr'><strong>offensionum</strong></span> <span class='ocrx_word' id='word_1_6' title='bbox 474 466 570 542; x_wconf 84' lang='lat' dir='ltr'><strong>aridi,</strong></span> <span class='ocrx_word' id='word_1_7' title='bbox 586 465 733 530; x_wconf 81' lang='lat' dir='ltr'><strong>historias</strong></span> <span class='ocrx_word' id='word_1_8' title='bbox 749 464 879 548; x_wconf 88' lang='lat' dir='ltr'><strong>argutiis</strong></span> <span class='ocrx_word' id='word_1_9' title='bbox 892 466 995 531; x_wconf 86' lang='lat' dir='ltr'><strong>acule-</strong></span> 
     </span>
     <span class='ocr_line' id='line_1_3' title="bbox 118 572 996 654; baseline -0.005 -14"><span class='ocrx_word' id='word_1_10' title='bbox 118 585 201 654; x_wconf 88' lang='lat' dir='ltr'><strong>atas,</strong></span> <span class='ocrx_word' id='word_1_11' title='bbox 235 595 355 638; x_wconf 88' lang='lat' dir='ltr'><strong>amaras</strong></span> <span class='ocrx_word' id='word_1_12' title='bbox 390 574 591 653; x_wconf 72' lang='lat' dir='ltr'><strong>malignitate,</strong></span> <span class='ocrx_word' id='word_1_13' title='bbox 625 572 870 635; x_wconf 66' lang='lat' dir='ltr'><strong>divinationibus</strong></span> <span class='ocrx_word' id='word_1_14' title='bbox 903 572 996 636; x_wconf 84' lang='lat' dir='ltr'><strong>islsss</strong></span> 
     </span>
     <span class='ocr_line' id='line_1_4' title="bbox 121 678 999 767; baseline -0.002 -22"><span class='ocrx_word' id='word_1_15' title='bbox 121 683 296 767; x_wconf 73' lang='lat' dir='ltr'><strong>scripsere,</strong></span> <span class='ocrx_word' id='word_1_16' title='bbox 311 701 412 764; x_wconf 83' lang='lat' dir='ltr'><strong>seque</strong></span> <span class='ocrx_word' id='word_1_17' title='bbox 436 678 545 742; x_wconf 90' lang='lat' dir='ltr'><strong>Taciti</strong></span> <span class='ocrx_word' id='word_1_18' title='bbox 569 680 742 742; x_wconf 86' lang='lat' dir='ltr'><strong>imitatores</strong></span> <span class='ocrx_word' id='word_1_19' title='bbox 758 678 911 743; x_wconf 75' lang='lat' dir='ltr'><strong>audacter</strong></span> <span class='ocrx_word' id='word_1_20' title='bbox 925 686 999 743; x_wconf 90' lang='lat' dir='ltr'><strong>sunt</strong></span> 
     </span>
     <span class='ocr_line' id='line_1_5' title="bbox 118 784 998 873; baseline -0.001 -23"><span class='ocrx_word' id='word_1_21' title='bbox 118 787 271 873; x_wconf 79' lang='lat' dir='ltr'><strong>professi.</strong></span> <span class='ocrx_word' id='word_1_22' title='bbox 317 786 439 848; x_wconf 74' lang='lat' dir='ltr'><strong>Eorum</strong></span> <span class='ocrx_word' id='word_1_23' title='bbox 471 785 635 848; x_wconf 85' lang='lat' dir='ltr'><strong>audaciam</strong></span> <span class='ocrx_word' id='word_1_24' title='bbox 663 784 906 870; x_wconf 85' lang='lat' dir='ltr'><strong>imperitiamre,</strong></span> <span class='ocrx_word' id='word_1_25' title='bbox 936 805 998 850; x_wconf 87' lang='lat' dir='ltr'><strong>non</strong></span> 
     </span>
     <span class='ocr_line' id='line_1_6' title="bbox 119 890 999 973; baseline -0.002 -17"><span class='ocrx_word' id='word_1_26' title='bbox 119 913 201 956; x_wconf 77' lang='lat' dir='ltr'><strong>vero</strong></span> <span class='ocrx_word' id='word_1_27' title='bbox 218 892 381 966; x_wconf 87' lang='lat' dir='ltr'><strong>Tacitum,</strong></span> <span class='ocrx_word' id='word_1_28' title='bbox 406 911 514 973; x_wconf 86' lang='lat' dir='ltr'><strong>argue.</strong></span> <span class='ocrx_word' id='word_1_29' title='bbox 560 890 705 972; x_wconf 79' lang='lat' dir='ltr'><strong>Vulgare</strong></span> <span class='ocrx_word' id='word_1_30' title='bbox 729 900 779 953; x_wconf 87' lang='lat' dir='ltr'><strong>est</strong></span> <span class='ocrx_word' id='word_1_31' title='bbox 802 911 859 954; x_wconf 89' lang='lat' dir='ltr'><strong>ana</strong></span> <span class='ocrx_word' id='word_1_32' title='bbox 881 891 999 972; x_wconf 82' lang='lat' dir='ltr'><strong>flagitis</strong></span> 
     </span>
     <span class='ocr_line' id='line_1_7' title="bbox 121 996 996 1081; baseline -0.003 -21"><span class='ocrx_word' id='word_1_33' title='bbox 121 998 192 1061; x_wconf 87' lang='lat' dir='ltr'><strong>aliia</strong></span> <span class='ocrx_word' id='word_1_34' title='bbox 207 997 384 1081; x_wconf 81' lang='lat' dir='ltr'><strong>objectare,</strong></span> <span class='ocrx_word' id='word_1_35' title='bbox 407 998 590 1080; x_wconf 83' lang='lat' dir='ltr'><strong>magnisque</strong></span> <span class='ocrx_word' id='word_1_36' title='bbox 611 996 787 1061; x_wconf 77' lang='lat' dir='ltr'><strong>nominibus</strong></span> <span class='ocrx_word' id='word_1_37' title='bbox 802 1017 874 1059; x_wconf 88' lang='lat' dir='ltr'><strong>sese</strong></span> <span class='ocrx_word' id='word_1_38' title='bbox 891 997 996 1060; x_wconf 88' lang='lat' dir='ltr'><strong>tutari.</strong></span> 
     </span>
     <span class='ocr_line' id='line_1_8' title="bbox 123 1091 998 1189; baseline 0.002 -23"><span class='ocrx_word' id='word_1_39' title='bbox 123 1091 262 1189; x_wconf 81' lang='lat' dir='ltr'><strong>Insuper</strong></span> <span class='ocrx_word' id='word_1_40' title='bbox 274 1121 316 1165; x_wconf 83' lang='lat' dir='ltr'><strong>ex</strong></span> <span class='ocrx_word' id='word_1_41' title='bbox 328 1103 456 1188; x_wconf 84' lang='lat' dir='ltr'><strong>optimis</strong></span> <span class='ocrx_word' id='word_1_42' title='bbox 467 1102 642 1167; x_wconf 87' lang='lat' dir='ltr'><strong>artificibus</strong></span> <span class='ocrx_word' id='word_1_43' title='bbox 657 1104 769 1185; x_wconf 85' lang='lat' dir='ltr'><strong>quavis</strong></span> <span class='ocrx_word' id='word_1_44' title='bbox 781 1111 882 1167; x_wconf 87' lang='lat' dir='ltr'><strong>aetate</strong></span> <span class='ocrx_word' id='word_1_45' title='bbox 894 1103 998 1168; x_wconf 85' lang='lat' dir='ltr'><strong>exorti</strong></span> 
     </span>
     <span class='ocr_line' id='line_1_9' title="bbox 124 1209 461 1294; baseline -0.006 -22"><span class='ocrx_word' id='word_1_46' title='bbox 124 1209 301 1272; x_wconf 84' lang='lat' dir='ltr'><strong>imitatores</strong></span> <span class='ocrx_word' id='word_1_47' title='bbox 317 1209 461 1294; x_wconf 85' lang='lat' dir='ltr'><strong>pessimi.</strong></span> 
     </span>
    </p>

    <p class='ocr_par' dir='ltr' id='par_1_3' title="bbox 121 1313 1051 2782">
     <span class='ocr_line' id='line_1_10' title="bbox 172 1313 996 1385; baseline -0.002 -6"><span class='ocrx_word' id='word_1_48' title='bbox 172 1314 300 1379; x_wconf 80' lang='lat' dir='ltr'><strong>Crimen</strong></span> <span class='ocrx_word' id='word_1_49' title='bbox 317 1316 471 1385; x_wconf 87' lang='lat' dir='ltr'><strong>alterum:</strong></span> <span class='ocrx_word' id='word_1_50' title='bbox 494 1315 593 1378; x_wconf 87' lang='lat' dir='ltr'><strong>malae</strong></span> <span class='ocrx_word' id='word_1_51' title='bbox 607 1315 767 1379; x_wconf 70' lang='lat' dir='ltr'><strong>latinitatis</strong></span> <span class='ocrx_word' id='word_1_52' title='bbox 782 1321 831 1378; x_wconf 92' lang='lat' dir='ltr'><strong>est</strong></span> <span class='ocrx_word' id='word_1_53' title='bbox 849 1313 996 1379; x_wconf 85' lang='lat' dir='ltr'><strong>Tacitus.</strong></span> 
     </span>
     <span class='ocr_line' id='line_1_11' title="bbox 123 1419 1001 1505; baseline 0 -21"><span class='ocrx_word' id='word_1_54' title='bbox 123 1419 279 1484; x_wconf 81' lang='lat' dir='ltr'><strong>Breviter</strong></span> <span class='ocrx_word' id='word_1_55' title='bbox 299 1420 432 1495; x_wconf 88' lang='lat' dir='ltr'><strong>dictum,</strong></span> <span class='ocrx_word' id='word_1_56' title='bbox 455 1441 495 1483; x_wconf 93' lang='lat' dir='ltr'><strong>an</strong></span> <span class='ocrx_word' id='word_1_57' title='bbox 521 1422 622 1484; x_wconf 72' lang='lat' dir='ltr'><strong>vere?</strong></span> <span class='ocrx_word' id='word_1_58' title='bbox 656 1420 808 1485; x_wconf 75' lang='lat' dir='ltr'><strong>Tacitum</strong></span> <span class='ocrx_word' id='word_1_59' title='bbox 830 1421 1001 1505; x_wconf 81' lang='lat' dir='ltr'><strong>aliqnando</strong></span> 
     </span>
     <span class='ocr_line' id='line_1_12' title="bbox 122 1526 1051 1610; baseline 0 -20"><span class='ocrx_word' id='word_1_60' title='bbox 122 1526 217 1590; x_wconf 85' lang='lat' dir='ltr'><strong>nimis</strong></span> <span class='ocrx_word' id='word_1_61' title='bbox 230 1534 367 1602; x_wconf 90' lang='lat' dir='ltr'><strong>acntnm,</strong></span> <span class='ocrx_word' id='word_1_62' title='bbox 377 1527 469 1589; x_wconf 86' lang='lat' dir='ltr'><strong>nimis</strong></span> <span class='ocrx_word' id='word_1_63' title='bbox 482 1528 658 1604; x_wconf 85' lang='lat' dir='ltr'><strong>concisum,</strong></span> <span class='ocrx_word' id='word_1_64' title='bbox 670 1528 787 1610; x_wconf 87' lang='lat' dir='ltr'><strong>ingenii</strong></span> <span class='ocrx_word' id='word_1_65' title='bbox 802 1536 835 1590; x_wconf 86' lang='lat' dir='ltr'><strong>et</strong></span> <span class='ocrx_word' id='word_1_66' title='bbox 850 1547 1000 1590; x_wconf 88' lang='lat' dir='ltr'><strong>sensuum</strong></span> <span class='ocrx_word' id='word_1_67' title='bbox 1045 1539 1051 1549; x_wconf 85' lang='lat'><em>‘</em></span> 
     </span>
     <span class='ocr_line' id='line_1_13' title="bbox 121 1633 999 1723; baseline 0.001 -27"><span class='ocrx_word' id='word_1_68' title='bbox 121 1634 340 1723; x_wconf 74' lang='lat' dir='ltr'><strong>profunditate</strong></span> <span class='ocrx_word' id='word_1_69' title='bbox 362 1634 594 1698; x_wconf 83' lang='lat' dir='ltr'><strong>subobscurum</strong></span> <span class='ocrx_word' id='word_1_70' title='bbox 618 1646 796 1718; x_wconf 82' lang='lat' dir='ltr'><strong>arguerent,</strong></span> <span class='ocrx_word' id='word_1_71' title='bbox 820 1657 881 1699; x_wconf 92' lang='lat' dir='ltr'><strong>non</strong></span> <span class='ocrx_word' id='word_1_72' title='bbox 906 1633 999 1697; x_wconf 80' lang='lat' dir='ltr'><strong>valde</strong></span> 
     </span>
     <span class='ocr_line' id='line_1_14' title="bbox 122 1740 999 1825; baseline 0 -21"><span class='ocrx_word' id='word_1_73' title='bbox 122 1757 344 1825; x_wconf 83' lang='lat' dir='ltr'><strong>repugnarem,</strong></span> <span class='ocrx_word' id='word_1_74' title='bbox 369 1761 428 1803; x_wconf 90' lang='lat' dir='ltr'><strong>nec</strong></span> <span class='ocrx_word' id='word_1_75' title='bbox 451 1741 564 1803; x_wconf 87' lang='lat' dir='ltr'><strong>eadem</strong></span> <span class='ocrx_word' id='word_1_76' title='bbox 588 1761 661 1804; x_wconf 83' lang='lat' dir='ltr'><strong>esse</strong></span> <span class='ocrx_word' id='word_1_77' title='bbox 683 1742 890 1825; x_wconf 84' lang='lat' dir='ltr'><strong>Thucydidis</strong></span> <span class='ocrx_word' id='word_1_78' title='bbox 912 1740 999 1816; x_wconf 81' lang='lat' dir='ltr'><strong>sitia,</strong></span> 
     </span>
     <span class='ocr_line' id='line_1_15' title="bbox 125 1845 1000 1929; baseline 0 -20"><span class='ocrx_word' id='word_1_79' title='bbox 125 1855 182 1909; x_wconf 87' lang='lat' dir='ltr'><strong>aut</strong></span> <span class='ocrx_word' id='word_1_80' title='bbox 193 1855 226 1909; x_wconf 89' lang='lat' dir='ltr'><strong>nt</strong></span> <span class='ocrx_word' id='word_1_81' title='bbox 240 1848 409 1929; x_wconf 89' lang='lat' dir='ltr'><strong>loquuntur</strong></span> <span class='ocrx_word' id='word_1_82' title='bbox 422 1845 550 1923; x_wconf 84' lang='lat' dir='ltr'><strong>Graeci,</strong></span> <span class='ocrx_word' id='word_1_83' title='bbox 568 1849 714 1924; x_wconf 80' lang='lat' dir='ltr'><strong>virtutes,</strong></span> <span class='ocrx_word' id='word_1_84' title='bbox 728 1869 884 1929; x_wconf 84' lang='lat' dir='ltr'><strong>urgerem.</strong></span> <span class='ocrx_word' id='word_1_85' title='bbox 931 1845 1000 1911; x_wconf 83' lang='lat' dir='ltr'><strong>Sed</strong></span> 
     </span>
     <span class='ocr_line' id='line_1_16' title="bbox 124 1952 1000 2037; baseline -0.001 -20"><span class='ocrx_word' id='word_1_86' title='bbox 124 1952 307 2028; x_wconf 80' lang='lat' dir='ltr'><strong>Ferretum,</strong></span> <span class='ocrx_word' id='word_1_87' title='bbox 337 1952 477 2036; x_wconf 85' lang='lat' dir='ltr'><strong>aliosque</strong></span> <span class='ocrx_word' id='word_1_88' title='bbox 508 1953 540 2016; x_wconf 89' lang='lat' dir='ltr'><strong>id</strong></span> <span class='ocrx_word' id='word_1_89' title='bbox 575 1975 674 2037; x_wconf 85' lang='lat' dir='ltr'><strong>genus</strong></span> <span class='ocrx_word' id='word_1_90' title='bbox 705 1956 859 2032; x_wconf 84' lang='lat' dir='ltr'><strong>homines,</strong></span> <span class='ocrx_word' id='word_1_91' title='bbox 890 1952 1000 2019; x_wconf 79' lang='lat' dir='ltr'><strong>Taciti</strong></span> 
     </span>
     <span class='ocr_line' id='line_1_17' title="bbox 123 2057 1001 2142; baseline 0.002 -21"><span class='ocrx_word' id='word_1_92' title='bbox 123 2057 309 2121; x_wconf 80' lang='lat' dir='ltr'><strong>latinitatem</strong></span> <span class='ocrx_word' id='word_1_93' title='bbox 331 2057 461 2142; x_wconf 88' lang='lat' dir='ltr'><strong>culpare</strong></span> <span class='ocrx_word' id='word_1_94' title='bbox 481 2059 552 2142; x_wconf 86' lang='lat' dir='ltr'><strong>quis</strong></span> <span class='ocrx_word' id='word_1_95' title='bbox 572 2061 680 2124; x_wconf 71' lang='lat' dir='ltr'><strong>ierat?</strong></span> <span class='ocrx_word' id='word_1_96' title='bbox 709 2061 779 2124; x_wconf 75' lang='lat' dir='ltr'><strong>Eos</strong></span> <span class='ocrx_word' id='word_1_97' title='bbox 796 2071 903 2123; x_wconf 81' lang='lat' dir='ltr'><strong>tamen&#39;</strong></span> <span class='ocrx_word' id='word_1_98' title='bbox 918 2060 1001 2123; x_wconf 79' lang='lat' dir='ltr'><strong>refu·</strong></span> 
     </span>
     <span class='ocr_line' id='line_1_18' title="bbox 127 2164 1001 2251; baseline 0.002 -24"><span class='ocrx_word' id='word_1_99' title='bbox 127 2172 194 2228; x_wconf 86' lang='lat' dir='ltr'><strong>tare</strong></span> <span class='ocrx_word' id='word_1_100' title='bbox 210 2164 321 2247; x_wconf 88' lang='lat' dir='ltr'><strong>pudet.</strong></span> <span class='ocrx_word' id='word_1_101' title='bbox 368 2164 472 2247; x_wconf 83' lang='lat' dir='ltr'><strong>quue</strong></span> <span class='ocrx_word' id='word_1_102' title='bbox 496 2186 627 2251; x_wconf 86' lang='lat' dir='ltr'><strong>prorsus</strong></span> <span class='ocrx_word' id='word_1_103' title='bbox 651 2167 773 2242; x_wconf 89' lang='lat' dir='ltr'><strong>inutile,</strong></span> <span class='ocrx_word' id='word_1_104' title='bbox 797 2187 869 2228; x_wconf 88' lang='lat' dir='ltr'><strong>cum</strong></span> <span class='ocrx_word' id='word_1_105' title='bbox 894 2165 1001 2235; x_wconf 84' lang='lat' dir='ltr'><strong>Mure·</strong></span> 
     </span>
     <span class='ocr_line' id='line_1_19' title="bbox 129 2270 1009 2356; baseline 0 -22"><span class='ocrx_word' id='word_1_106' title='bbox 129 2276 203 2345; x_wconf 82' lang='lat' dir='ltr'><strong>tus,¹</strong></span> <span class='ocrx_word' id='word_1_107' title='bbox 219 2271 380 2334; x_wconf 79' lang='lat' dir='ltr'><strong>latinitatis</strong></span> <span class='ocrx_word' id='word_1_108' title='bbox 395 2280 428 2333; x_wconf 88' lang='lat' dir='ltr'><strong>et</strong></span> <span class='ocrx_word' id='word_1_109' title='bbox 450 2272 611 2336; x_wconf 87' lang='lat' dir='ltr'><strong>latinarum</strong></span> <span class='ocrx_word' id='word_1_110' title='bbox 633 2272 856 2354; x_wconf 81' lang='lat' dir='ltr'><strong>elegantiarum</strong></span> <span class='ocrx_word' id='word_1_111' title='bbox 879 2270 1009 2356; x_wconf 33' lang='lat' dir='ltr'><strong>peritis-s</strong></span> 
     </span>
     <span class='ocr_line' id='line_1_20' title="bbox 128 2376 1000 2463; baseline 0.001 -25"><span class='ocrx_word' id='word_1_112' title='bbox 128 2377 226 2439; x_wconf 87' lang='lat' dir='ltr'><strong>simus</strong></span> <span class='ocrx_word' id='word_1_113' title='bbox 245 2376 361 2460; x_wconf 79' lang='lat' dir='ltr'><strong>judex,</strong></span> <span class='ocrx_word' id='word_1_114' title='bbox 377 2385 484 2462; x_wconf 87' lang='lat' dir='ltr'><strong>partes</strong></span> <span class='ocrx_word' id='word_1_115' title='bbox 500 2378 566 2440; x_wconf 87' lang='lat' dir='ltr'><strong>illas</strong></span> <span class='ocrx_word' id='word_1_116' title='bbox 587 2398 787 2461; x_wconf 88' lang='lat' dir='ltr'><strong>magnacum</strong></span> <span class='ocrx_word' id='word_1_117' title='bbox 804 2377 895 2440; x_wconf 85' lang='lat' dir='ltr'><strong>laude</strong></span> <span class='ocrx_word' id='word_1_118' title='bbox 912 2397 1000 2463; x_wconf 88' lang='lat' dir='ltr'><strong>prae-</strong></span> 
     </span>
     <span class='ocr_line' id='line_1_21' title="bbox 128 2484 1000 2568; baseline 0.001 -21"><span class='ocrx_word' id='word_1_119' title='bbox 128 2484 350 2568; x_wconf 83' lang='lat' dir='ltr'><strong>occupaverit.</strong></span> <span class='ocrx_word' id='word_1_120' title='bbox 376 2484 450 2547; x_wconf 89' lang='lat' dir='ltr'><strong>Hoc</strong></span> <span class='ocrx_word' id='word_1_121' title='bbox 463 2505 557 2547; x_wconf 89' lang='lat' dir='ltr'><strong>unum</strong></span> <span class='ocrx_word' id='word_1_122' title='bbox 571 2484 736 2560; x_wconf 87' lang='lat' dir='ltr'><strong>addidero,</strong></span> <span class='ocrx_word' id='word_1_123' title='bbox 750 2485 830 2547; x_wconf 89' lang='lat' dir='ltr'><strong>inter</strong></span> <span class='ocrx_word' id='word_1_124' title='bbox 840 2484 1000 2549; x_wconf 83' lang='lat' dir='ltr'><strong>Romanoa</strong></span> 
     </span>
     <span class='ocr_line' id='line_1_22' title="bbox 132 2587 1002 2673; baseline 0.001 -20"><span class='ocrx_word' id='word_1_125' title='bbox 132 2587 309 2673; x_wconf 81' lang='lat' dir='ltr'><strong>scriptores</strong></span> <span class='ocrx_word' id='word_1_126' title='bbox 330 2589 446 2652; x_wconf 90' lang='lat' dir='ltr'><strong>nullum</strong></span> <span class='ocrx_word' id='word_1_127' title='bbox 461 2611 533 2652; x_wconf 89' lang='lat' dir='ltr'><strong>esse</strong></span> <span class='ocrx_word' id='word_1_128' title='bbox 556 2592 726 2654; x_wconf 83' lang='lat' dir='ltr'><strong>verborum</strong></span> <span class='ocrx_word' id='word_1_129' title='bbox 742 2591 952 2656; x_wconf 90' lang='lat' dir='ltr'><strong>concinnitate</strong></span> <span class='ocrx_word' id='word_1_130' title='bbox 967 2597 1002 2654; x_wconf 88' lang='lat' dir='ltr'><strong>et</strong></span> 
     </span>
     <span class='ocr_line' id='line_1_23' title="bbox 129 2694 710 2782; baseline -0.003 -24"><span class='ocrx_word' id='word_1_131' title='bbox 129 2695 301 2782; x_wconf 76' lang='lat' dir='ltr'><strong>splendore</strong></span> <span class='ocrx_word' id='word_1_132' title='bbox 319 2694 437 2758; x_wconf 88' lang='lat' dir='ltr'><strong>Tacito</strong></span> <span class='ocrx_word' id='word_1_133' title='bbox 453 2698 710 2781; x_wconf 87' lang='lat' dir='ltr'><strong>comparandum.</strong></span> 
     </span>
    </p>
   </div>
   <div class='ocr_carea' id='block_1_3' title="bbox 173 2799 1126 2886">
    <p class='ocr_par' dir='ltr' id='par_1_4' title="bbox 173 2799 1126 2886">
     <span class='ocr_line' id='line_1_24' title="bbox 173 2799 1126 2886; baseline 0.001 -22"><span class='ocrx_word' id='word_1_134' title='bbox 173 2800 330 2870; x_wconf 80' lang='lat' dir='ltr'><strong>Graviora</strong></span> <span class='ocrx_word' id='word_1_135' title='bbox 349 2810 422 2864; x_wconf 88' lang='lat' dir='ltr'><strong>sunt</strong></span> <span class='ocrx_word' id='word_1_136' title='bbox 442 2802 597 2865; x_wconf 88' lang='lat' dir='ltr'><strong>mendacii</strong></span> <span class='ocrx_word' id='word_1_137' title='bbox 620 2803 770 2867; x_wconf 88' lang='lat' dir='ltr'><strong>crimina:</strong></span> <span class='ocrx_word' id='word_1_138' title='bbox 795 2823 897 2886; x_wconf 88' lang='lat' dir='ltr'><strong>neque</strong></span> <span class='ocrx_word' id='word_1_139' title='bbox 913 2802 1000 2865; x_wconf 85' lang='lat' dir='ltr'><strong>dixe·</strong></span> <span class='ocrx_word' id='word_1_140' title='bbox 1123 2799 1126 2808; x_wconf 37' lang='lat'>⁸</span> 
     </span>
    </p>
   </div>
   <div class='ocr_carea' id='block_1_4' title="bbox 128 2906 1004 3515">
    <p class='ocr_par' dir='ltr' id='par_1_5' title="bbox 128 2906 1004 3515">
     <span class='ocr_line' id='line_1_25' title="bbox 128 2906 1001 2974; baseline -0.003 -2"><span class='ocrx_word' id='word_1_141' title='bbox 128 2907 188 2973; x_wconf 85' lang='lat' dir='ltr'><strong>rim</strong></span> <span class='ocrx_word' id='word_1_142' title='bbox 215 2906 367 2970; x_wconf 90' lang='lat' dir='ltr'><strong>Tacitum</strong></span> <span class='ocrx_word' id='word_1_143' title='bbox 393 2907 470 2970; x_wconf 85' lang='lat' dir='ltr'><strong>nihil</strong></span> <span class='ocrx_word' id='word_1_144' title='bbox 500 2929 573 2970; x_wconf 88' lang='lat' dir='ltr'><strong>esse</strong></span> <span class='ocrx_word' id='word_1_145' title='bbox 604 2911 779 2972; x_wconf 88' lang='lat' dir='ltr'><strong>mentitum.</strong></span> <span class='ocrx_word' id='word_1_146' title='bbox 826 2909 1001 2974; x_wconf 80' lang='lat' dir='ltr'><strong>Commune</strong></span> 
     </span>
     <span class='ocr_line' id='line_1_26' title="bbox 129 2997 1002 3098; baseline -0.003 -22"><span class='ocrx_word' id='word_1_147' title='bbox 129 2997 208 3076; x_wconf 80' lang='lat' dir='ltr'><strong>illud</strong></span> <span class='ocrx_word' id='word_1_148' title='bbox 223 3021 273 3076; x_wconf 90' lang='lat' dir='ltr'><strong>est</strong></span> <span class='ocrx_word' id='word_1_149' title='bbox 289 3007 485 3078; x_wconf 78' lang='lat' dir='ltr'><strong>mortalitatis</strong></span> <span class='ocrx_word' id='word_1_150' title='bbox 502 3014 623 3088; x_wconf 80' lang='lat' dir='ltr'><strong>vitium,</strong></span> <span class='ocrx_word' id='word_1_151' title='bbox 636 3014 721 3098; x_wconf 87' lang='lat' dir='ltr'><strong>quod</strong></span> <span class='ocrx_word' id='word_1_152' title='bbox 737 3016 886 3078; x_wconf 83' lang='lat' dir='ltr'><strong>historiae</strong></span> <span class='ocrx_word' id='word_1_153' title='bbox 903 3014 1002 3097; x_wconf 87' lang='lat' dir='ltr'><strong>scrip·</strong></span> 
     </span>
     <span class='ocr_line' id='line_1_27' title="bbox 131 3118 1003 3206; baseline -0.002 -25"><span class='ocrx_word' id='word_1_154' title='bbox 131 3125 219 3181; x_wconf 86' lang='lat' dir='ltr'><strong>tores</strong></span> <span class='ocrx_word' id='word_1_155' title='bbox 251 3119 282 3182; x_wconf 88' lang='lat' dir='ltr'><strong>in</strong></span> <span class='ocrx_word' id='word_1_156' title='bbox 313 3125 398 3181; x_wconf 86' lang='lat' dir='ltr'><strong>tanta</strong></span> <span class='ocrx_word' id='word_1_157' title='bbox 428 3140 531 3182; x_wconf 89' lang='lat' dir='ltr'><strong>rerum</strong></span> <span class='ocrx_word' id='word_1_158' title='bbox 567 3120 778 3206; x_wconf 78' lang='lat' dir='ltr'><strong>multitudine,</strong></span> <span class='ocrx_word' id='word_1_159' title='bbox 813 3118 1003 3199; x_wconf 87' lang='lat' dir='ltr'><strong>humanique</strong></span> 
     </span>
     <span class='ocr_line' id='line_1_28' title="bbox 132 3222 1004 3307; baseline -0.002 -20"><span class='ocrx_word' id='word_1_160' title='bbox 132 3224 248 3307; x_wconf 86' lang='lat' dir='ltr'><strong>ingenii</strong></span> <span class='ocrx_word' id='word_1_161' title='bbox 269 3224 457 3300; x_wconf 87' lang='lat' dir='ltr'><strong>infirmitate,</strong></span> <span class='ocrx_word' id='word_1_162' title='bbox 478 3234 509 3287; x_wconf 92' lang='lat' dir='ltr'><strong>et</strong></span> <span class='ocrx_word' id='word_1_163' title='bbox 532 3226 573 3287; x_wconf 87' lang='lat' dir='ltr'><strong>ob</strong></span> <span class='ocrx_word' id='word_1_164' title='bbox 596 3227 760 3307; x_wconf 83' lang='lat' dir='ltr'><strong>caliginem</strong></span> <span class='ocrx_word' id='word_1_165' title='bbox 781 3223 906 3285; x_wconf 86' lang='lat' dir='ltr'><strong>veritati</strong></span> <span class='ocrx_word' id='word_1_166' title='bbox 927 3222 1004 3285; x_wconf 81' lang='lat' dir='ltr'><strong>offu-</strong></span> 
     </span>
     <span class='ocr_line' id='line_1_29' title="bbox 131 3318 1004 3412; baseline 0.001 -20"><span class='ocrx_word' id='word_1_167' title='bbox 131 3350 211 3406; x_wconf 86' lang='lat' dir='ltr'><strong>sam,</strong></span> <span class='ocrx_word' id='word_1_168' title='bbox 227 3333 282 3393; x_wconf 83' lang='lat' dir='ltr'><strong>vix</strong></span> <span class='ocrx_word' id='word_1_169' title='bbox 298 3331 458 3412; x_wconf 83' lang='lat' dir='ltr'><strong>effugiant.</strong></span> <span class='ocrx_word' id='word_1_170' title='bbox 505 3318 806 3395; x_wconf 84' lang='lat' dir='ltr'><strong>Proclivior&#39;adhuc</strong></span> <span class='ocrx_word' id='word_1_171' title='bbox 830 3350 927 3404; x_wconf 84' lang='lat' dir='ltr'><strong>error,</strong></span> <span class='ocrx_word' id='word_1_172' title='bbox 951 3330 1004 3393; x_wconf 86' lang='lat' dir='ltr'><strong>ubi</strong></span> 
     </span>
     <span class='ocr_line' id='line_1_30' title="bbox 131 3435 1004 3515; baseline 0.003 -18"><span class='ocrx_word' id='word_1_173' title='bbox 131 3435 303 3499; x_wconf 84' lang='lat' dir='ltr'><strong>intercedit</strong></span> <span class='ocrx_word' id='word_1_174' title='bbox 329 3436 511 3515; x_wconf 86' lang='lat' dir='ltr'><strong>religionum</strong></span> <span class='ocrx_word' id='word_1_175' title='bbox 538 3438 717 3501; x_wconf 86' lang='lat' dir='ltr'><strong>diversitas.</strong></span> <span class='ocrx_word' id='word_1_176' title='bbox 765 3436 844 3500; x_wconf 88' lang='lat' dir='ltr'><strong>lude</strong></span> <span class='ocrx_word' id='word_1_177' title='bbox 868 3435 1004 3501; x_wconf 83' lang='lat' dir='ltr'><strong>Tacitus</strong></span> 
     </span>
    </p>
   </div>
   <div class='ocr_carea' id='block_1_5' title="bbox 131 3577 1004 3730">
    <p class='ocr_par' dir='ltr' id='par_1_6' title="bbox 131 3577 1004 3730">
     <span class='ocr_line' id='line_1_31' title="bbox 164 3577 1004 3666; baseline 0.004 -17"><span class='ocrx_word' id='word_1_178' title='bbox 164 3603 273 3650; x_wconf 77' lang='lat' dir='ltr'><strong>litarde</strong></span> <span class='ocrx_word' id='word_1_179' title='bbox 284 3617 309 3651; x_wconf 87' lang='lat' dir='ltr'><strong>ra</strong></span> <span class='ocrx_word' id='word_1_180' title='bbox 321 3612 345 3653; x_wconf 89' lang='lat' dir='ltr'><strong>et</strong></span> <span class='ocrx_word' id='word_1_181' title='bbox 359 3606 435 3654; x_wconf 84' lang='lat' dir='ltr'><strong>Taciti</strong></span> <span class='ocrx_word' id='word_1_182' title='bbox 453 3606 556 3654; x_wconf 80' lang='lat' dir='ltr'><strong>larrdibus</strong></span> <span class='ocrx_word' id='word_1_183' title='bbox 570 3608 695 3655; x_wconf 86' lang='lat' dir='ltr'><strong>orationem</strong></span> <span class='ocrx_word' id='word_1_184' title='bbox 711 3598 791 3657; x_wconf 72' lang='lat' dir='ltr'><strong>halurit</strong></span> <span class='ocrx_word' id='word_1_185' title='bbox 807 3577 921 3662; x_wconf 81' lang='lat' dir='ltr'><strong>Muretus,</strong></span> <span class='ocrx_word' id='word_1_186' title='bbox 937 3619 1004 3666; x_wconf 87' lang='lat' dir='ltr'><strong>quarn</strong></span> 
     </span>
     <span class='ocr_line' id='line_1_32' title="bbox 131 3661 1004 3730; baseline -0.001 -20"><span class='ocrx_word' id='word_1_187' title='bbox 131 3661 189 3711; x_wconf 78' lang='lat' dir='ltr'><strong>vids</strong></span> <span class='ocrx_word' id='word_1_188' title='bbox 197 3661 310 3722; x_wconf 75' lang='lat' dir='ltr'><strong>intersim</strong></span> <span class='ocrx_word' id='word_1_189' title='bbox 319 3666 430 3714; x_wconf 88' lang='lat' dir='ltr'><strong>orationes</strong></span> <span class='ocrx_word' id='word_1_190' title='bbox 440 3666 517 3715; x_wconf 84' lang='lat' dir='ltr'><strong>editas</strong></span> <span class='ocrx_word' id='word_1_191' title='bbox 530 3667 622 3730; x_wconf 73' lang='lat' dir='ltr'><strong>lipsiae</strong></span> <span class='ocrx_word' id='word_1_192' title='bbox 637 3683 696 3716; x_wconf 89' lang='lat' dir='ltr'><strong>anno</strong></span> <span class='ocrx_word' id='word_1_193' title='bbox 707 3671 770 3718; x_wconf 73' lang='lat'><strong>1698.</strong></span> <span class='ocrx_word' id='word_1_194' title='bbox 801 3669 868 3716; x_wconf 84' lang='lat' dir='ltr'><strong>Tom.</strong></span> <span class='ocrx_word' id='word_1_195' title='bbox 880 3666 909 3713; x_wconf 93' lang='grc' dir='ltr'><strong>ΙΙ.</strong></span> <span class='ocrx_word' id='word_1_196' title='bbox 920 3674 943 3725; x_wconf 75' lang='lat' dir='ltr'><strong>p.</strong></span> <span class='ocrx_word' id='word_1_197' title='bbox 954 3668 1004 3711; x_wconf 66' lang='lat'><strong>353.</strong></span> 
     </span>
    </p>
   </div>
   <div class='ocr_carea' id='block_1_6' title="bbox 0 0 1246 4267">
    <p class='ocr_par' dir='ltr' id='par_1_7' title="bbox 0 0 1246 4267">
     <span class='ocr_line' id='line_1_33' title="bbox 0 0 1246 4267; baseline 0 0"><span class='ocrx_word' id='word_1_198' title='bbox 0 0 1246 4267; x_wconf 95' lang='lat' dir='ltr'><strong> </strong></span> 
     </span>
    </p>
   </div>
  </div>
 </body>
</html>
