2459 4267
413 801 505 860 GAB:
526 801 705 857 unumst

355 1015 766 1096 PRAEFATIO.

187 1265 235 1307 DE
252 1266 341 1307 vm
359 1261 404 1306 ET
422 1263 580 1307 sculum
596 1229 765 1306 colluam!
783 1264 916 1308 mm.

115 1464 235 1543 Casus
259 1476 467 1542 Consanus
492 1478 652 1541 'l'sciuus
675 1499 777 1563 pauca
792 1480 831 1543 de
848 1502 894 1556 se,
910 1481 986 1545 nihil

112 1592 154 1654 de
171 1593 276 1676 patria
292 1602 324 1654 et
346 1594 466 1675 urigine
487 1615 544 1656 sua
558 1595 718 1681 prodidit,
739 1594 862 1675 ingenio
877 1603 909 1656 et
925 1594 986 1656 vir·

113 1698 236 1760 tutibus
255 1698 374 1784 potius,
392 1721 484 1784 quam
507 1700 578 1763 loco
601 1721 638 1763 ac
655 1701 824 1783 majoribus
840 1699 986 1762 inclares-

114 1804 209 1866 eeudi
222 1813 342 1866 certus.
373 1806 598 1868 Interamnates
609 1827 680 1867 eum
693 1806 880 1890 municipem
894 1825 985 1868 suum

112 1908 212 1972 luisse
224 1911 420 1991 gloriantur.¹
442 1911 547 1985 Patre,
558 1912 665 1994 equite
678 1911 832 1984 Romano,
848 1918 892 1976 et.
902 1929 983 1992 qnae

115 2015 272 2095 equestris
289 2025 337 2077 est
355 2016 509 2089 nobilitas,
534 2016 683 2098 Belgicae
699 2015 819 2078 Galliae
836 2035 984 2100 procurs-

117 2124 195 2192 tore,
210 2121 334 2200 genitus
352 2121 489 2182 videtur²
500 2123 586 2184 circa
598 2143 709 2184 aunum
723 2122 825 2185 Urbis
836 2120 982 2183 conditae

118 2230 252 2298 ucceu,³
273 2225 355 2287 Jesu
379 2225 498 2288 Christi
523 2231 692 2309 septimum
708 2234 740 2285 et
763 2223 984 2305 quinquagesi-

117 2348 210 2389 mum.
256 2329 426 2396 Pueritiam
442 2331 517 2412 egit,
535 2331 621 2406 dum,
638 2330 697 2393 sub
714 2329 843 2394 Nerone
861 2329 983 2415 cupidi·

116 2455 187 2497 uum
200 2435 381 2511 imnmdieo,
397 2458 457 2499 uon
475 2438 567 2499 modo
584 2437 686 2513 Urbs,
702 2437 759 2502 sed
777 2457 932 2520 quaeque,
948 2445 983 2502 ut

116 2540 197 2604 Urbi
213 2543 367 2627 proxima,
391 2545 429 2605 ad
450 2565 540 2607 omne
556 2544 717 2607 libidinum
733 2564 831 2625 genus
847 2544 982 2629 proflue-

115 2645 197 2709 bant.
238 2648 286 2710 Al
299 2670 356 2733 per
368 2658 514 2724 aetatem,
527 2651 827 2733 institutionemque,
837 2659 869 2710 et
882 2652 981 2734 prims

115 2751 271 2815 literarum
294 2756 480 2830 rudimenta,
512 2756 550 2817 iis
581 2757 665 2818 vitiis
697 2756 832 2818 intactus
855 2756 978 2818 crevit:

115 2861 180 2946 pari
195 2863 382 2943 integritate,
406 2866 531 2928 turbida
552 2865 683 2942 Galbae,
707 2866 855 2940 Othonis,
871 2876 904 2927 et
919 2864 979 2927 Vi·

115 2968 351 3060 telliitempora
366 2971 492 3056 elapsus
514 2979 574 3033 est.
622 2970 850 3056 Vespasianus,
875 2991 978 3033 rerum

144 3136 152 3166 ¹
168 3135 298 3183 Haesere
313 3138 379 3198 plum
397 3138 448 3184 ville
466 3141 526 3199 apud
546 3139 686 3186 Pmnelssum
705 3140 822 3198 Angeloni.
837 3137 940 3183 usmeta
953 3139 979 3185 di

117 3193 192 3250 raas,
202 3210 252 3256 pag.
264 3199 294 3243 42
302 3203 326 3243 et
335 3212 395 3258 seqq
428 3200 560 3255 interamna,
576 3214 634 3246 utine
649 3199 729 3253 Teani,
745 3200 767 3244 in
780 3199 867 3243 Ducatu
878 3197 977 3256 Spoleto.

144 3273 157 3304 ²
167 3273 220 3317 Pliu.
233 3273 292 3319 Hist.
310 3275 364 3321 Nat.
383 3276 436 3331 Vll,
455 3281 487 3322 ls.
520 3278 640 3338 Perperam
651 3277 737 3336 Lipsius
747 3276 787 3320 alii
797 3289 841 3334 que
850 3274 914 3319 multi
924 3275 979 3322 exis·

115 3330 342 3378 limane-Tacitum
362 3336 427 3382 luisse
447 3334 551 3393 Belglese
570 3337 661 3383 Galliae
680 3339 856 3401 pmtaaratorem,
867 3347 888 3401 'a
904 3333 979 3382 Plinio

117 3394 264 3495 mamsrgtluiltn.
298 3392 418 3453 Repugnat
441 3401 566 3452 temporum
585 3394 652 3447 ratio,
676 3406 733 3453 quae
756 3393 779 3438 iu
798 3393 874 3437 'l'suu
891 3398 977 3452 petrem

79 3543 82 3554 ·
143 3524 155 3556 ³
165 3524 198 3570 De
207 3526 282 3572 Taciti
292 3532 368 3574 aetate
378 3529 431 3575 satis
441 3535 528 3575 constat
537 3530 580 3576 exi
596 3546 621 3577 ss
632 3537 708 3577 aetate
717 3530 793 3589 Plinii,
803 3528 876 3590 Epist.
887 3527 930 3582 Vl,
940 3531 975 3579 20,

116 3587 139 3630 et
149 3582 201 3639 Vll,
210 3587 245 3633 20.
277 3587 344 3634 udde
354 3588 425 3649 ipsum
435 3588 540 3635 Tacitum
548 3589 572 3637 lu
605 3589 643 3637 iul
654 3592 685 3637 de
693 3590 759 3638 Oret.
769 3605 821 3651 oep.
835 3592 846 3634 Ι
856 3593 881 3630 et
891 3588 926 3632 17.
