<?xml version="1.0" encoding="UTF-8"?>
<!DOCTYPE html PUBLIC "-//W3C//DTD XHTML 1.0 Transitional//EN"
    "http://www.w3.org/TR/xhtml1/DTD/xhtml1-transitional.dtd">
<html xmlns="http://www.w3.org/1999/xhtml" xml:lang="en" lang="en">
 <head>
  <title>
</title>
<meta http-equiv="Content-Type" content="text/html;charset=utf-8" />
  <meta name='ocr-system' content='tesseract 3.04.00' />
  <meta name='ocr-capabilities' content='ocr_page ocr_carea ocr_par ocr_line ocrx_word'/>
</head>
<body>
  <div class='ocr_page' id='page_1' title='image "./ccorneliitaciti02unkngoog_0333.png"; bbox 0 0 2459 4267; ppageno 0'>
   <div class='ocr_carea' id='block_1_1' title="bbox 106 308 987 395">
    <p class='ocr_par' dir='ltr' id='par_1_1' title="bbox 106 308 987 395">
     <span class='ocr_line' id='line_1_1' title="bbox 106 308 987 395; baseline 0.001 -17"><span class='ocrx_word' id='word_1_1' title='bbox 106 322 147 378; x_wconf 60' lang='lat' dir='ltr'><strong>a</strong></span> <span class='ocrx_word' id='word_1_2' title='bbox 166 329 194 378; x_wconf 81' lang='lat' dir='ltr'><strong>o</strong></span> <span class='ocrx_word' id='word_1_3' title='bbox 211 330 248 376; x_wconf 74' lang='lat' dir='ltr'><strong>rs.</strong></span> <span class='ocrx_word' id='word_1_4' title='bbox 354 313 797 380; x_wconf 65' lang='lat' dir='ltr'><strong>nauseantem.</strong></span> <span class='ocrx_word' id='word_1_5' title='bbox 892 308 987 395; x_wconf 67' lang='grc'><strong>’293</strong></span> 
     </span>
    </p>
   </div>
   <div class='ocr_carea' id='block_1_2' title="bbox 101 482 985 1146">
    <p class='ocr_par' dir='ltr' id='par_1_2' title="bbox 101 482 985 1146">
     <span class='ocr_line' id='line_1_2' title="bbox 106 482 985 559; baseline 0.007 -21"><span class='ocrx_word' id='word_1_6' title='bbox 106 482 182 539; x_wconf 84' lang='lat' dir='ltr'><strong>‘sus</strong></span> <span class='ocrx_word' id='word_1_7' title='bbox 217 486 338 543; x_wconf 82' lang='lat' dir='ltr'><strong>externa</strong></span> <span class='ocrx_word' id='word_1_8' title='bbox 358 482 600 550; x_wconf 65' lang='lat' dir='ltr'><strong>neminemnam</strong></span> <span class='ocrx_word' id='word_1_9' title='bbox 634 484 841 559; x_wconf 72' lang='lat' dir='ltr'>Transpadani</span> <span class='ocrx_word' id='word_1_10' title='bbox 859 484 892 543; x_wconf 91' lang='lat' dir='ltr'><strong>in</strong></span> <span class='ocrx_word' id='word_1_11' title='bbox 911 485 985 545; x_wconf 86' lang='lat' dir='ltr'><strong>eivi-</strong></span> 
     </span>
     <span class='ocr_line' id='line_1_3' title="bbox 105 581 984 656; baseline 0.007 -20"><span class='ocrx_word' id='word_1_12' title='bbox 105 584 227 638; x_wconf 86' lang='lat' dir='ltr'><strong>‘tatem</strong></span> <span class='ocrx_word' id='word_1_13' title='bbox 246 581 366 653; x_wconf 81' lang='lat' dir='ltr'>recepti,</span> <span class='ocrx_word' id='word_1_14' title='bbox 385 599 462 647; x_wconf 85' lang='lat' dir='ltr'><strong>oum,</strong></span> <span class='ocrx_word' id='word_1_15' title='bbox 480 583 580 655; x_wconf 84' lang='lat' dir='ltr'><strong>speeie</strong></span> <span class='ocrx_word' id='word_1_16' title='bbox 600 584 788 642; x_wconf 71' lang='lat' dir='ltr'><strong>deductarum</strong></span> <span class='ocrx_word' id='word_1_17' title='bbox 808 601 858 656; x_wconf 87' lang='lat' dir='ltr'><strong>per</strong></span> <span class='ocrx_word' id='word_1_18' title='bbox 883 587 984 642; x_wconf 89' lang='lat' dir='ltr'><strong>orbem</strong></span> 
     </span>
     <span class='ocr_line' id='line_1_4' title="bbox 109 679 984 754; baseline 0.005 -19"><span class='ocrx_word' id='word_1_19' title='bbox 109 685 119 709; x_wconf 89' lang='lat'>‘</span> <span class='ocrx_word' id='word_1_20' title='bbox 138 684 236 736; x_wconf 89' lang='lat' dir='ltr'><strong>terrae</strong></span> <span class='ocrx_word' id='word_1_21' title='bbox 251 679 406 752; x_wconf 69' lang='lat' dir='ltr'><strong>legionum,</strong></span> <span class='ocrx_word' id='word_1_22' title='bbox 426 680 533 739; x_wconf 87' lang='lat' dir='ltr'><strong>additis</strong></span> <span class='ocrx_word' id='word_1_23' title='bbox 552 680 776 754; x_wconf 79' lang='lat' dir='ltr'><strong>provincialium</strong></span> <span class='ocrx_word' id='word_1_24' title='bbox 788 681 984 751; x_wconf 70' lang='lat' dir='ltr'><strong>validissimis,</strong></span> 
     </span>
     <span class='ocr_line' id='line_1_5' title="bbox 107 777 984 852; baseline 0.005 -19"><span class='ocrx_word' id='word_1_25' title='bbox 107 777 211 834; x_wconf 81' lang='lat' dir='ltr'><strong>‘sesso</strong></span> <span class='ocrx_word' id='word_1_26' title='bbox 231 778 358 849; x_wconf 88' lang='lat' dir='ltr'><strong>Imperio</strong></span> <span class='ocrx_word' id='word_1_27' title='bbox 377 780 552 836; x_wconf 78' lang='lat' dir='ltr'><strong>subventum</strong></span> <span class='ocrx_word' id='word_1_28' title='bbox 571 785 630 836; x_wconf 89' lang='lat' dir='ltr'><strong>est.</strong></span> <span class='ocrx_word' id='word_1_29' title='bbox 669 780 749 836; x_wconf 90' lang='lat' dir='ltr'><strong>Num</strong></span> <span class='ocrx_word' id='word_1_30' title='bbox 763 779 903 852; x_wconf 84' lang='lat' dir='ltr'><strong>poenitet,</strong></span> <span class='ocrx_word' id='word_1_31' title='bbox 916 781 984 838; x_wconf 90' lang='lat' dir='ltr'><strong>Bal·</strong></span> 
     </span>
     <span class='ocr_line' id='line_1_6' title="bbox 101 876 984 952; baseline 0.002 -20"><span class='ocrx_word' id='word_1_32' title='bbox 101 881 115 908; x_wconf 79' lang='lat'><em>⁴</em></span> <span class='ocrx_word' id='word_1_33' title='bbox 130 877 186 932; x_wconf 90' lang='lat' dir='ltr'><strong>bos</strong></span> <span class='ocrx_word' id='word_1_34' title='bbox 219 893 257 933; x_wconf 82' lang='lat' dir='ltr'><strong>ax</strong></span> <span class='ocrx_word' id='word_1_35' title='bbox 293 876 445 947; x_wconf 78' lang='lat' dir='ltr'><strong>Hispania,</strong></span> <span class='ocrx_word' id='word_1_36' title='bbox 480 894 536 934; x_wconf 83' lang='lat' dir='ltr'><strong>nea</strong></span> <span class='ocrx_word' id='word_1_37' title='bbox 570 877 666 934; x_wconf 85' lang='lat' dir='ltr'><strong>minos</strong></span> <span class='ocrx_word' id='word_1_38' title='bbox 699 877 829 952; x_wconf 75' lang='lat' dir='ltr'><strong>insignes</strong></span> <span class='ocrx_word' id='word_1_39' title='bbox 864 877 984 935; x_wconf 81' lang='lat' dir='ltr'><strong>virosa</strong></span> 
     </span>
     <span class='ocr_line' id='line_1_7' title="bbox 108 956 984 1050; baseline 0.005 -20"><span class='ocrx_word' id='word_1_40' title='bbox 108 972 238 1030; x_wconf 78' lang='lat' dir='ltr'><strong>‘Gallia</strong></span> <span class='ocrx_word' id='word_1_41' title='bbox 267 974 453 1031; x_wconf 75' lang='lat' dir='ltr'><strong>Narbonensi</strong></span> <span class='ocrx_word' id='word_1_42' title='bbox 488 973 684 1033; x_wconf 82' lang='lat' dir='ltr'><strong>transivisse?</strong></span> <span class='ocrx_word' id='word_1_43' title='bbox 718 976 842 1034; x_wconf 82' lang='lat' dir='ltr'><strong>Manent</strong></span> <span class='ocrx_word' id='word_1_44' title='bbox 875 956 984 1050; x_wconf 79' lang='lat' dir='ltr'><strong>posteri</strong></span> 
     </span>
     <span class='ocr_line' id='line_1_8' title="bbox 111 1073 984 1146; baseline 0.006 -17"><span class='ocrx_word' id='word_1_45' title='bbox 111 1076 244 1139; x_wconf 74' lang='lat' dir='ltr'><strong>‘eorum</strong></span> <span class='ocrx_word' id='word_1_46' title='bbox 264 1089 320 1130; x_wconf 86' lang='lat' dir='ltr'><strong>nea</strong></span> <span class='ocrx_word' id='word_1_47' title='bbox 339 1090 437 1130; x_wconf 90' lang='lat' dir='ltr'><strong>amore</strong></span> <span class='ocrx_word' id='word_1_48' title='bbox 456 1073 488 1131; x_wconf 88' lang='lat' dir='ltr'><strong>in</strong></span> <span class='ocrx_word' id='word_1_49' title='bbox 518 1075 595 1131; x_wconf 84' lang='lat' dir='ltr'><strong>bane</strong></span> <span class='ocrx_word' id='word_1_50' title='bbox 627 1074 748 1146; x_wconf 84' lang='lat' dir='ltr'><strong>patriam</strong></span> <span class='ocrx_word' id='word_1_51' title='bbox 775 1075 859 1134; x_wconf 90' lang='lat' dir='ltr'><strong>nobis</strong></span> <span class='ocrx_word' id='word_1_52' title='bbox 878 1091 984 1134; x_wconf 83' lang='lat' dir='ltr'><strong>eonce-</strong></span> 
     </span>
    </p>
   </div>
   <div class='ocr_carea' id='block_1_3' title="bbox 109 1170 984 1740">
    <p class='ocr_par' dir='ltr' id='par_1_3' title="bbox 109 1170 984 1740">
     <span class='ocr_line' id='line_1_9' title="bbox 110 1170 984 1243; baseline 0.006 -17"><span class='ocrx_word' id='word_1_53' title='bbox 110 1171 219 1227; x_wconf 76' lang='lat' dir='ltr'><strong>‘dunt</strong></span> <span class='ocrx_word' id='word_1_54' title='bbox 252 1171 336 1243; x_wconf 78' lang='lat' dir='ltr'><strong>&#39;Quid</strong></span> <span class='ocrx_word' id='word_1_55' title='bbox 356 1171 434 1229; x_wconf 90' lang='lat' dir='ltr'><strong>aliud</strong></span> <span class='ocrx_word' id='word_1_56' title='bbox 456 1170 549 1228; x_wconf 81' lang='lat' dir='ltr'><strong>exitio</strong></span> <span class='ocrx_word' id='word_1_57' title='bbox 572 1173 816 1230; x_wconf 73' lang='lat' dir='ltr'><strong>Lacedaemoniis</strong></span> <span class='ocrx_word' id='word_1_58' title='bbox 845 1181 876 1231; x_wconf 91' lang='lat' dir='ltr'><strong>et</strong></span> <span class='ocrx_word' id='word_1_59' title='bbox 892 1175 984 1232; x_wconf 78' lang='lat' dir='ltr'><strong>Athe·</strong></span> 
     </span>
     <span class='ocr_line' id='line_1_10' title="bbox 109 1267 983 1344; baseline 0.005 -20"><span class='ocrx_word' id='word_1_60' title='bbox 109 1267 283 1326; x_wconf 79' lang='lat' dir='ltr'><strong>‘aiensibus</strong></span> <span class='ocrx_word' id='word_1_61' title='bbox 312 1268 375 1336; x_wconf 85' lang='lat' dir='ltr'><strong>luit,</strong></span> <span class='ocrx_word' id='word_1_62' title='bbox 407 1284 580 1344; x_wconf 88' lang='lat' dir='ltr'><strong>quamquam</strong></span> <span class='ocrx_word' id='word_1_63' title='bbox 612 1270 700 1326; x_wconf 89' lang='lat' dir='ltr'><strong>armis</strong></span> <span class='ocrx_word' id='word_1_64' title='bbox 730 1273 881 1343; x_wconf 90' lang='lat' dir='ltr'><strong>pollerent,</strong></span> <span class='ocrx_word' id='word_1_65' title='bbox 912 1271 983 1339; x_wconf 87' lang='lat' dir='ltr'><strong>nisi,</strong></span> 
     </span>
     <span class='ocr_line' id='line_1_11' title="bbox 113 1366 983 1441; baseline 0.005 -18"><span class='ocrx_word' id='word_1_66' title='bbox 113 1367 215 1440; x_wconf 56' lang='lat' dir='ltr'><strong>”quod</strong></span> <span class='ocrx_word' id='word_1_67' title='bbox 235 1367 331 1424; x_wconf 88' lang='lat' dir='ltr'><strong>viotos</strong></span> <span class='ocrx_word' id='word_1_68' title='bbox 351 1385 403 1440; x_wconf 86' lang='lat' dir='ltr'><strong>pro</strong></span> <span class='ocrx_word' id='word_1_69' title='bbox 419 1367 594 1441; x_wconf 76' lang='lat' dir='ltr'><strong>alienigenis</strong></span> <span class='ocrx_word' id='word_1_70' title='bbox 619 1366 787 1427; x_wconf 80' lang='lat' dir='ltr'><strong>arcebant?</strong></span> <span class='ocrx_word' id='word_1_71' title='bbox 821 1370 864 1427; x_wconf 89' lang='lat' dir='ltr'><strong>At</strong></span> <span class='ocrx_word' id='word_1_72' title='bbox 883 1369 983 1427; x_wconf 80' lang='lat' dir='ltr'><strong>condi·</strong></span> 
     </span>
     <span class='ocr_line' id='line_1_12' title="bbox 112 1466 983 1540; baseline 0.006 -20"><span class='ocrx_word' id='word_1_73' title='bbox 112 1468 185 1521; x_wconf 89' lang='lat' dir='ltr'><strong>‘tor</strong></span> <span class='ocrx_word' id='word_1_74' title='bbox 204 1471 303 1521; x_wconf 87' lang='lat' dir='ltr'><strong>noster</strong></span> <span class='ocrx_word' id='word_1_75' title='bbox 332 1466 472 1523; x_wconf 87' lang='lat' dir='ltr'><strong>Romulus</strong></span> <span class='ocrx_word' id='word_1_76' title='bbox 503 1470 615 1523; x_wconf 89' lang='lat' dir='ltr'><strong>tantum</strong></span> <span class='ocrx_word' id='word_1_77' title='bbox 648 1467 792 1540; x_wconf 74' lang='lat' dir='ltr'><strong>sapientia</strong></span> <span class='ocrx_word' id='word_1_78' title='bbox 828 1467 930 1536; x_wconf 82' lang='lat' dir='ltr'><strong>valuit,</strong></span> <span class='ocrx_word' id='word_1_79' title='bbox 950 1472 983 1526; x_wconf 89' lang='lat' dir='ltr'><strong>ut</strong></span> 
     </span>
     <span class='ocr_line' id='line_1_13' title="bbox 112 1556 982 1637; baseline 0.003 -16"><span class='ocrx_word' id='word_1_80' title='bbox 112 1564 291 1637; x_wconf 83' lang='lat' dir='ltr'><strong>‘plerosque</strong></span> <span class='ocrx_word' id='word_1_81' title='bbox 317 1556 438 1637; x_wconf 83' lang='lat' dir='ltr'><strong>populos</strong></span> <span class='ocrx_word' id='word_1_82' title='bbox 458 1565 561 1621; x_wconf 87' lang='lat' dir='ltr'><strong>eodem</strong></span> <span class='ocrx_word' id='word_1_83' title='bbox 593 1563 642 1621; x_wconf 84' lang='lat' dir='ltr'><strong>die</strong></span> <span class='ocrx_word' id='word_1_84' title='bbox 664 1566 772 1634; x_wconf 85' lang='lat' dir='ltr'><strong>hostes,</strong></span> <span class='ocrx_word' id='word_1_85' title='bbox 805 1565 874 1623; x_wconf 89' lang='lat' dir='ltr'><strong>dein</strong></span> <span class='ocrx_word' id='word_1_86' title='bbox 898 1565 982 1624; x_wconf 83' lang='lat' dir='ltr'><strong>aives</strong></span> 
     </span>
     <span class='ocr_line' id='line_1_14' title="bbox 113 1651 982 1740; baseline 0.002 -21"><span class='ocrx_word' id='word_1_87' title='bbox 113 1661 276 1720; x_wconf 70' lang='lat' dir='ltr'><strong>‘habuerit</strong></span> <span class='ocrx_word' id='word_1_88' title='bbox 326 1663 472 1720; x_wconf 81' lang='lat' dir='ltr'><strong>Adsenae</strong></span> <span class='ocrx_word' id='word_1_89' title='bbox 491 1661 523 1720; x_wconf 89' lang='lat' dir='ltr'><strong>in</strong></span> <span class='ocrx_word' id='word_1_90' title='bbox 547 1680 600 1721; x_wconf 85' lang='lat' dir='ltr'><strong>nos</strong></span> <span class='ocrx_word' id='word_1_91' title='bbox 634 1651 838 1740; x_wconf 80' lang='lat' dir='ltr'><strong>regnaverunt.</strong></span> <span class='ocrx_word' id='word_1_92' title='bbox 880 1665 982 1723; x_wconf 88' lang='lat' dir='ltr'><strong>Liber·</strong></span> 
     </span>
    </p>
   </div>
   <div class='ocr_carea' id='block_1_4' title="bbox 29 1759 1105 3695">
    <p class='ocr_par' dir='ltr' id='par_1_4' title="bbox 29 1759 1105 3695">
     <span class='ocr_line' id='line_1_15' title="bbox 110 1759 979 1837; baseline 0.002 -19"><span class='ocrx_word' id='word_1_93' title='bbox 110 1760 258 1820; x_wconf 81' lang='lat' dir='ltr'><strong>‘tinorum</strong></span> <span class='ocrx_word' id='word_1_94' title='bbox 273 1761 339 1819; x_wconf 85' lang='lat' dir='ltr'><strong>tiliis</strong></span> <span class='ocrx_word' id='word_1_95' title='bbox 355 1759 541 1835; x_wconf 78' lang='lat' dir='ltr'><strong>Magistratus</strong></span> <span class='ocrx_word' id='word_1_96' title='bbox 557 1763 698 1830; x_wconf 87' lang='lat' dir='ltr'><strong>mandari,</strong></span> <span class='ocrx_word' id='word_1_97' title='bbox 724 1779 781 1821; x_wconf 91' lang='lat' dir='ltr'><strong>non</strong></span> <span class='ocrx_word' id='word_1_98' title='bbox 796 1768 827 1818; x_wconf 88' lang='lat' dir='ltr'><strong>nt</strong></span> <span class='ocrx_word' id='word_1_99' title='bbox 848 1763 979 1837; x_wconf 86' lang='lat' dir='ltr'><strong>plerique</strong></span> 
     </span>
     <span class='ocr_line' id='line_1_16' title="bbox 108 1858 981 1933; baseline 0 -18"><span class='ocrx_word' id='word_1_100' title='bbox 108 1864 122 1893; x_wconf 77' lang='lat'>⁸</span> <span class='ocrx_word' id='word_1_101' title='bbox 136 1858 284 1927; x_wconf 84' lang='lat' dir='ltr'><strong>falluntur,</strong></span> <span class='ocrx_word' id='word_1_102' title='bbox 298 1877 411 1932; x_wconf 88' lang='lat' dir='ltr'><strong>repens,</strong></span> <span class='ocrx_word' id='word_1_103' title='bbox 431 1860 483 1916; x_wconf 87' lang='lat' dir='ltr'><strong>sed</strong></span> <span class='ocrx_word' id='word_1_104' title='bbox 506 1860 592 1933; x_wconf 92' lang='lat' dir='ltr'><strong>priori</strong></span> <span class='ocrx_word' id='word_1_105' title='bbox 613 1862 720 1933; x_wconf 93' lang='lat' dir='ltr'><strong>populo</strong></span> <span class='ocrx_word' id='word_1_106' title='bbox 738 1860 900 1918; x_wconf 78' lang='lat' dir='ltr'><strong>factitatum</strong></span> <span class='ocrx_word' id='word_1_107' title='bbox 926 1864 981 1918; x_wconf 91' lang='lat' dir='ltr'><strong>est.</strong></span> 
     </span>
     <span class='ocr_line' id='line_1_17' title="bbox 113 1957 1105 2037; baseline -0.002 -22"><span class='ocrx_word' id='word_1_108' title='bbox 113 1958 176 2015; x_wconf 83' lang='lat' dir='ltr'><strong>‘At</strong></span> <span class='ocrx_word' id='word_1_109' title='bbox 211 1974 278 2014; x_wconf 88' lang='lat' dir='ltr'><strong>aum</strong></span> <span class='ocrx_word' id='word_1_110' title='bbox 304 1958 468 2015; x_wconf 85' lang='lat' dir='ltr'><strong>Senonibus</strong></span> <span class='ocrx_word' id='word_1_111' title='bbox 506 1958 707 2037; x_wconf 79' lang='lat' dir='ltr'><strong>pugnavimus.</strong></span> <span class='ocrx_word' id='word_1_112' title='bbox 735 1957 850 2015; x_wconf 85' lang='lat' dir='ltr'><strong>seilicet</strong></span> <span class='ocrx_word' id='word_1_113' title='bbox 877 1957 983 2021; x_wconf 76' lang='lat' dir='ltr'><strong>Yolsai</strong></span> <span class='ocrx_word' id='word_1_114' title='bbox 1100 1982 1105 1989; x_wconf 54' lang='lat'><em>1</em></span> 
     </span>
     <span class='ocr_line' id='line_1_18' title="bbox 115 2055 978 2130; baseline -0.003 -15"><span class='ocrx_word' id='word_1_115' title='bbox 115 2061 168 2115; x_wconf 85' lang='lat' dir='ltr'><strong>‘et</strong></span> <span class='ocrx_word' id='word_1_116' title='bbox 183 2057 280 2130; x_wconf 84' lang='lat' dir='ltr'><strong>Aequi</strong></span> <span class='ocrx_word' id='word_1_117' title='bbox 301 2073 456 2130; x_wconf 86' lang='lat' dir='ltr'><strong>numquam</strong></span> <span class='ocrx_word' id='word_1_118' title='bbox 475 2057 628 2114; x_wconf 86' lang='lat' dir='ltr'><strong>adversam</strong></span> <span class='ocrx_word' id='word_1_119' title='bbox 641 2056 723 2115; x_wconf 87' lang='lat' dir='ltr'><strong>nobis</strong></span> <span class='ocrx_word' id='word_1_120' title='bbox 742 2056 839 2113; x_wconf 80' lang='lat' dir='ltr'><strong>aciem</strong></span> <span class='ocrx_word' id='word_1_121' title='bbox 853 2055 978 2112; x_wconf 82' lang='lat' dir='ltr'><strong>instrux-</strong></span> 
     </span>
     <span class='ocr_line' id='line_1_19' title="bbox 110 2151 981 2227; baseline -0.002 -15"><span class='ocrx_word' id='word_1_122' title='bbox 110 2151 202 2212; x_wconf 79' lang='lat' dir='ltr'><strong>‘erel</strong></span> <span class='ocrx_word' id='word_1_123' title='bbox 236 2155 324 2227; x_wconf 76' lang='lat' dir='ltr'><strong>Capti</strong></span> <span class='ocrx_word' id='word_1_124' title='bbox 353 2172 371 2211; x_wconf 91' lang='lat' dir='ltr'><strong>a</strong></span> <span class='ocrx_word' id='word_1_125' title='bbox 404 2154 500 2212; x_wconf 79' lang='lat' dir='ltr'><strong>Gallis</strong></span> <span class='ocrx_word' id='word_1_126' title='bbox 525 2171 632 2212; x_wconf 86' lang='lat' dir='ltr'><strong>sumus.</strong></span> <span class='ocrx_word' id='word_1_127' title='bbox 652 2155 704 2212; x_wconf 86' lang='lat' dir='ltr'><strong>sed</strong></span> <span class='ocrx_word' id='word_1_128' title='bbox 724 2158 755 2211; x_wconf 88' lang='lat' dir='ltr'><strong>et</strong></span> <span class='ocrx_word' id='word_1_129' title='bbox 775 2153 884 2211; x_wconf 78' lang='lat' dir='ltr'><strong>&#39;l&#39;usoia</strong></span> <span class='ocrx_word' id='word_1_130' title='bbox 906 2153 981 2211; x_wconf 90' lang='lat' dir='ltr'><strong>obsi·</strong></span> 
     </span>
     <span class='ocr_line' id='line_1_20' title="bbox 116 2251 980 2326; baseline 0 -17"><span class='ocrx_word' id='word_1_131' title='bbox 116 2255 190 2310; x_wconf 85' lang='lat' dir='ltr'><strong>‘des</strong></span> <span class='ocrx_word' id='word_1_132' title='bbox 209 2253 349 2320; x_wconf 87' lang='lat' dir='ltr'><strong>dedimus,</strong></span> <span class='ocrx_word' id='word_1_133' title='bbox 367 2258 399 2309; x_wconf 87' lang='lat' dir='ltr'><strong>et</strong></span> <span class='ocrx_word' id='word_1_134' title='bbox 420 2252 594 2313; x_wconf 87' lang='lat' dir='ltr'><strong>Samnitium</strong></span> <span class='ocrx_word' id='word_1_135' title='bbox 614 2252 713 2326; x_wconf 82' lang='lat' dir='ltr'><strong>iugum</strong></span> <span class='ocrx_word' id='word_1_136' title='bbox 726 2251 896 2309; x_wconf 86' lang='lat' dir='ltr'><strong>subivimus.</strong></span> <span class='ocrx_word' id='word_1_137' title='bbox 926 2252 980 2310; x_wconf 81' lang='lat' dir='ltr'><strong>At·</strong></span> 
     </span>
     <span class='ocr_line' id='line_1_21' title="bbox 113 2349 980 2419; baseline -0.001 -10"><span class='ocrx_word' id='word_1_138' title='bbox 113 2357 244 2417; x_wconf 74' lang='lat' dir='ltr'><strong>&#39;tamem</strong></span> <span class='ocrx_word' id='word_1_139' title='bbox 263 2351 289 2408; x_wconf 90' lang='lat' dir='ltr'><strong>si</strong></span> <span class='ocrx_word' id='word_1_140' title='bbox 303 2356 410 2408; x_wconf 81' lang='lat' dir='ltr'><strong>cunata</strong></span> <span class='ocrx_word' id='word_1_141' title='bbox 429 2353 506 2408; x_wconf 91' lang='lat' dir='ltr'><strong>bella</strong></span> <span class='ocrx_word' id='word_1_142' title='bbox 535 2367 697 2419; x_wconf 82' lang='lat' dir='ltr'><strong>recenseas,</strong></span> <span class='ocrx_word' id='word_1_143' title='bbox 709 2352 820 2408; x_wconf 89' lang='lat' dir='ltr'><strong>nullum</strong></span> <span class='ocrx_word' id='word_1_144' title='bbox 847 2349 980 2408; x_wconf 87' lang='lat' dir='ltr'><strong>breviora</strong></span> 
     </span>
     <span class='ocr_line' id='line_1_22' title="bbox 112 2448 979 2524; baseline -0.001 -17"><span class='ocrx_word' id='word_1_145' title='bbox 112 2450 235 2524; x_wconf 63' lang='lat' dir='ltr'><strong>‘spatia</strong></span> <span class='ocrx_word' id='word_1_146' title='bbox 247 2467 332 2524; x_wconf 88' lang='lat' dir='ltr'><strong>quam</strong></span> <span class='ocrx_word' id='word_1_147' title='bbox 354 2451 494 2508; x_wconf 82' lang='lat' dir='ltr'><strong>adversus</strong></span> <span class='ocrx_word' id='word_1_148' title='bbox 518 2449 631 2517; x_wconf 77' lang='lat' dir='ltr'><strong>Gallos,</strong></span> <span class='ocrx_word' id='word_1_149' title='bbox 649 2449 824 2507; x_wconf 86' lang='lat' dir='ltr'><strong>oonieetnm.</strong></span> <span class='ocrx_word' id='word_1_150' title='bbox 838 2448 979 2507; x_wconf 76' lang='lat' dir='ltr'><strong>continua</strong></span> 
     </span>
     <span class='ocr_line' id='line_1_23' title="bbox 112 2546 979 2622; baseline 0 -17"><span class='ocrx_word' id='word_1_151' title='bbox 112 2549 201 2606; x_wconf 79' lang='lat' dir='ltr'><strong>‘inde</strong></span> <span class='ocrx_word' id='word_1_152' title='bbox 215 2565 250 2605; x_wconf 87' lang='lat' dir='ltr'><strong>aa</strong></span> <span class='ocrx_word' id='word_1_153' title='bbox 265 2548 321 2605; x_wconf 87' lang='lat' dir='ltr'><strong>fida</strong></span> <span class='ocrx_word' id='word_1_154' title='bbox 336 2566 401 2622; x_wconf 81' lang='lat' dir='ltr'><strong>pax.</strong></span> <span class='ocrx_word' id='word_1_155' title='bbox 443 2549 506 2605; x_wconf 90' lang='lat' dir='ltr'><strong>lam</strong></span> <span class='ocrx_word' id='word_1_156' title='bbox 521 2548 655 2615; x_wconf 88' lang='lat' dir='ltr'><strong>moribus,</strong></span> <span class='ocrx_word' id='word_1_157' title='bbox 682 2546 800 2614; x_wconf 89' lang='lat' dir='ltr'><strong>artibus,</strong></span> <span class='ocrx_word' id='word_1_158' title='bbox 823 2547 979 2605; x_wconf 86' lang='lat' dir='ltr'><strong>adfinitati·</strong></span> 
     </span>
     <span class='ocr_line' id='line_1_24' title="bbox 115 2636 978 2720; baseline 0 -16"><span class='ocrx_word' id='word_1_159' title='bbox 115 2647 185 2704; x_wconf 83' lang='lat' dir='ltr'><strong>‘bus</strong></span> <span class='ocrx_word' id='word_1_160' title='bbox 195 2647 299 2704; x_wconf 88' lang='lat' dir='ltr'><strong>nostris</strong></span> <span class='ocrx_word' id='word_1_161' title='bbox 314 2644 408 2715; x_wconf 81' lang='lat' dir='ltr'><strong>mixti,</strong></span> <span class='ocrx_word' id='word_1_162' title='bbox 422 2636 564 2704; x_wconf 78' lang='lat' dir='ltr'><strong>autumet</strong></span> <span class='ocrx_word' id='word_1_163' title='bbox 579 2664 649 2720; x_wconf 91' lang='lat' dir='ltr'><strong>opes</strong></span> <span class='ocrx_word' id='word_1_164' title='bbox 663 2663 728 2704; x_wconf 89' lang='lat' dir='ltr'><strong>suas</strong></span> <span class='ocrx_word' id='word_1_165' title='bbox 738 2646 978 2720; x_wconf 86' lang='lat' dir='ltr'><strong>interautpotius,</strong></span> 
     </span>
     <span class='ocr_line' id='line_1_25' title="bbox 112 2745 978 2823; baseline 0.001 -22"><span class='ocrx_word' id='word_1_166' title='bbox 112 2752 219 2821; x_wconf 70' lang='lat' dir='ltr'><strong>‘uuam</strong></span> <span class='ocrx_word' id='word_1_167' title='bbox 240 2745 364 2823; x_wconf 86' lang='lat' dir='ltr'><strong>separati</strong></span> <span class='ocrx_word' id='word_1_168' title='bbox 391 2747 527 2803; x_wconf 84' lang='lat' dir='ltr'><strong>babeant.</strong></span> <span class='ocrx_word' id='word_1_169' title='bbox 550 2745 666 2814; x_wconf 86' lang='lat' dir='ltr'><strong>Omnia,</strong></span> <span class='ocrx_word' id='word_1_170' title='bbox 688 2745 721 2802; x_wconf 89' lang='lat' dir='ltr'><strong>P.</strong></span> <span class='ocrx_word' id='word_1_171' title='bbox 743 2745 778 2804; x_wconf 81' lang='lat' dir='ltr'><strong>G.</strong></span> <span class='ocrx_word' id='word_1_172' title='bbox 804 2764 878 2820; x_wconf 82' lang='lat' dir='ltr'><strong>quaa</strong></span> <span class='ocrx_word' id='word_1_173' title='bbox 898 2763 978 2804; x_wconf 85' lang='lat' dir='ltr'><strong>nune</strong></span> 
     </span>
     <span class='ocr_line' id='line_1_26' title="bbox 111 2843 979 2919; baseline -0.001 -18"><span class='ocrx_word' id='word_1_174' title='bbox 111 2843 329 2901; x_wconf 87' lang='lat' dir='ltr'><strong>‘vetustissima</strong></span> <span class='ocrx_word' id='word_1_175' title='bbox 352 2846 517 2912; x_wconf 82' lang='lat' dir='ltr'><strong>ereduntur,</strong></span> <span class='ocrx_word' id='word_1_176' title='bbox 542 2863 621 2902; x_wconf 87' lang='lat' dir='ltr'><strong>nova</strong></span> <span class='ocrx_word' id='word_1_177' title='bbox 641 2845 729 2902; x_wconf 83' lang='lat' dir='ltr'><strong>tuere.</strong></span> <span class='ocrx_word' id='word_1_178' title='bbox 752 2845 847 2917; x_wconf 88' lang='lat' dir='ltr'><strong>plebei</strong></span> <span class='ocrx_word' id='word_1_179' title='bbox 869 2844 979 2919; x_wconf 83' lang='lat' dir='ltr'><strong>Magis·</strong></span> 
     </span>
     <span class='ocr_line' id='line_1_27' title="bbox 112 2920 978 3016; baseline -0.003 -16"><span class='ocrx_word' id='word_1_180' title='bbox 112 2942 220 3000; x_wconf 76' lang='lat' dir='ltr'><strong>‘tratas</strong></span> <span class='ocrx_word' id='word_1_181' title='bbox 241 2947 305 3015; x_wconf 89' lang='lat' dir='ltr'><strong>post</strong></span> <span class='ocrx_word' id='word_1_182' title='bbox 325 2941 479 3015; x_wconf 82' lang='lat' dir='ltr'><strong>patricios:</strong></span> <span class='ocrx_word' id='word_1_183' title='bbox 501 2943 601 3001; x_wconf 89' lang='lat' dir='ltr'><strong>Latini</strong></span> <span class='ocrx_word' id='word_1_184' title='bbox 615 2948 681 3016; x_wconf 91' lang='lat' dir='ltr'><strong>post</strong></span> <span class='ocrx_word' id='word_1_185' title='bbox 694 2920 845 3015; x_wconf 69' lang='lat' dir='ltr'><strong>plebeios:</strong></span> <span class='ocrx_word' id='word_1_186' title='bbox 866 2948 978 2998; x_wconf 83' lang='lat' dir='ltr'><strong>cetera·</strong></span> 
     </span>
     <span class='ocr_line' id='line_1_28' title="bbox 113 3040 977 3115; baseline -0.005 -17"><span class='ocrx_word' id='word_1_187' title='bbox 113 3046 198 3098; x_wconf 88' lang='lat' dir='ltr'><strong>‘rum</strong></span> <span class='ocrx_word' id='word_1_188' title='bbox 218 3040 322 3098; x_wconf 85' lang='lat' dir='ltr'><strong>ltaliae</strong></span> <span class='ocrx_word' id='word_1_189' title='bbox 349 3042 478 3115; x_wconf 84' lang='lat' dir='ltr'><strong>gentium</strong></span> <span class='ocrx_word' id='word_1_190' title='bbox 494 3048 570 3114; x_wconf 86' lang='lat' dir='ltr'><strong>-post</strong></span> <span class='ocrx_word' id='word_1_191' title='bbox 589 3040 721 3098; x_wconf 85' lang='lat' dir='ltr'><strong>Latinos.</strong></span> <span class='ocrx_word' id='word_1_192' title='bbox 775 3040 977 3095; x_wconf 86' lang='lat' dir='ltr'><strong>lnveterasoet</strong></span> 
     </span>
     <span class='ocr_line' id='line_1_29' title="bbox 112 3135 977 3217; baseline -0.008 -20"><span class='ocrx_word' id='word_1_193' title='bbox 112 3140 186 3197; x_wconf 86' lang='lat' dir='ltr'><strong>‘hoo</strong></span> <span class='ocrx_word' id='word_1_194' title='bbox 201 3157 330 3217; x_wconf 88' lang='lat' dir='ltr'><strong>qnoque:</strong></span> <span class='ocrx_word' id='word_1_195' title='bbox 352 3146 381 3196; x_wconf 88' lang='lat' dir='ltr'><strong>et</strong></span> <span class='ocrx_word' id='word_1_196' title='bbox 401 3141 475 3214; x_wconf 84' lang='lat' dir='ltr'><strong>quod</strong></span> <span class='ocrx_word' id='word_1_197' title='bbox 497 3139 584 3196; x_wconf 88' lang='lat' dir='ltr'><strong>hodie</strong></span> <span class='ocrx_word' id='word_1_198' title='bbox 608 3135 752 3209; x_wconf 84' lang='lat' dir='ltr'><strong>exemplis</strong></span> <span class='ocrx_word' id='word_1_199' title='bbox 766 3141 887 3203; x_wconf 84' lang='lat' dir='ltr'><strong>tuemur,</strong></span> <span class='ocrx_word' id='word_1_200' title='bbox 900 3136 977 3191; x_wconf 85' lang='lat' dir='ltr'><strong>inter</strong></span> 
     </span>
     <span class='ocr_line' id='line_1_30' title="bbox 29 3218 1030 3311; baseline -0.005 -16"><span class='ocrx_word' id='word_1_201' title='bbox 29 3218 31 3223; x_wconf 31' lang='lat'><strong><em>¹</em></strong></span> <span class='ocrx_word' id='word_1_202' title='bbox 112 3235 354 3311; x_wconf 79' lang='lat' dir='ltr'><strong>‘exemplaerit&#39;</strong></span> <span class='ocrx_word' id='word_1_203' title='bbox 394 3238 563 3295; x_wconf 81' lang='lat' dir='ltr'><strong>Orationem</strong></span> <span class='ocrx_word' id='word_1_204' title='bbox 578 3234 722 3307; x_wconf 81' lang='lat' dir='ltr'><strong>Principis</strong></span> <span class='ocrx_word' id='word_1_205' title='bbox 735 3239 837 3290; x_wconf 82' lang='lat' dir='ltr'><strong>secuto</strong></span> <span class='ocrx_word' id='word_1_206' title='bbox 857 3233 975 3290; x_wconf 87' lang='lat' dir='ltr'><strong>Patrum</strong></span> <span class='ocrx_word' id='word_1_207' title='bbox 987 3238 1030 3303; x_wconf 78' lang='lat'><strong>25</strong></span> 
     </span>
     <span class='ocr_line' id='line_1_31' title="bbox 110 3332 977 3410; baseline -0.005 -17"><span class='ocrx_word' id='word_1_208' title='bbox 110 3341 252 3405; x_wconf 79' lang='lat' dir='ltr'><strong>consulto,</strong></span> <span class='ocrx_word' id='word_1_209' title='bbox 273 3337 360 3410; x_wconf 86' lang='lat' dir='ltr'><strong>primi</strong></span> <span class='ocrx_word' id='word_1_210' title='bbox 376 3336 472 3395; x_wconf 84' lang='lat' dir='ltr'><strong>Aedui</strong></span> <span class='ocrx_word' id='word_1_211' title='bbox 496 3337 667 3394; x_wconf 83' lang='lat' dir='ltr'><strong>Senatorum</strong></span> <span class='ocrx_word' id='word_1_212' title='bbox 681 3333 712 3390; x_wconf 91' lang='lat' dir='ltr'><strong>in</strong></span> <span class='ocrx_word' id='word_1_213' title='bbox 728 3333 797 3390; x_wconf 89' lang='lat' dir='ltr'><strong>urbe</strong></span> <span class='ocrx_word' id='word_1_214' title='bbox 820 3333 864 3389; x_wconf 89' lang='lat' dir='ltr'><strong>ins</strong></span> <span class='ocrx_word' id='word_1_215' title='bbox 877 3332 977 3404; x_wconf 85' lang='lat' dir='ltr'><strong>adepti</strong></span> 
     </span>
     <span class='ocr_line' id='line_1_32' title="bbox 112 3429 976 3508; baseline -0.009 -15"><span class='ocrx_word' id='word_1_216' title='bbox 112 3441 186 3493; x_wconf 85' lang='lat' dir='ltr'><strong>sunt.</strong></span> <span class='ocrx_word' id='word_1_217' title='bbox 208 3439 307 3494; x_wconf 89' lang='lat' dir='ltr'><strong>datum</strong></span> <span class='ocrx_word' id='word_1_218' title='bbox 327 3435 359 3492; x_wconf 89' lang='lat' dir='ltr'><strong>id</strong></span> <span class='ocrx_word' id='word_1_219' title='bbox 372 3434 480 3492; x_wconf 86' lang='lat' dir='ltr'><strong>loederi</strong></span> <span class='ocrx_word' id='word_1_220' title='bbox 502 3434 630 3508; x_wconf 87' lang='lat' dir='ltr'><strong>antiquo,</strong></span> <span class='ocrx_word' id='word_1_221' title='bbox 657 3431 768 3508; x_wconf 75' lang='lat' dir='ltr'><strong>etquis</strong></span> <span class='ocrx_word' id='word_1_222' title='bbox 794 3430 849 3487; x_wconf 90' lang='lat' dir='ltr'><strong>soli</strong></span> <span class='ocrx_word' id='word_1_223' title='bbox 876 3429 976 3487; x_wconf 84' lang='lat' dir='ltr'><strong>Gallo·</strong></span> 
     </span>
     <span class='ocr_line' id='line_1_33' title="bbox 113 3531 977 3608; baseline -0.003 -18"><span class='ocrx_word' id='word_1_224' title='bbox 113 3551 173 3591; x_wconf 88' lang='lat' dir='ltr'><strong>rum</strong></span> <span class='ocrx_word' id='word_1_225' title='bbox 186 3533 375 3594; x_wconf 80' lang='lat' dir='ltr'><strong>fraternitatis</strong></span> <span class='ocrx_word' id='word_1_226' title='bbox 392 3551 500 3595; x_wconf 85' lang='lat' dir='ltr'><strong>nomen</strong></span> <span class='ocrx_word' id='word_1_227' title='bbox 523 3551 590 3592; x_wconf 86' lang='lat' dir='ltr'><strong>aum</strong></span> <span class='ocrx_word' id='word_1_228' title='bbox 604 3533 717 3608; x_wconf 85' lang='lat' dir='ltr'><strong>Populo</strong></span> <span class='ocrx_word' id='word_1_229' title='bbox 743 3531 880 3593; x_wconf 87' lang='lat' dir='ltr'><strong>Romano</strong></span> <span class='ocrx_word' id='word_1_230' title='bbox 899 3542 977 3587; x_wconf 81' lang='lat' dir='ltr'><strong>aaut·</strong></span> 
     </span>
     <span class='ocr_line' id='line_1_34' title="bbox 69 3629 645 3695; baseline -0.002 -5"><span class='ocrx_word' id='word_1_231' title='bbox 69 3673 74 3680; x_wconf 81' lang='lat'><strong>·</strong></span> <span class='ocrx_word' id='word_1_232' title='bbox 148 3651 218 3695; x_wconf 79' lang='lat' dir='ltr'><strong>von.</strong></span> <span class='ocrx_word' id='word_1_233' title='bbox 238 3649 260 3690; x_wconf 90' lang='lat'><strong>1.</strong></span> <span class='ocrx_word' id='word_1_234' title='bbox 577 3629 645 3690; x_wconf 72' lang='lat'><strong>25*</strong></span> 
     </span>
    </p>
   </div>
   <div class='ocr_carea' id='block_1_5' title="bbox 0 0 1234 4267">
    <p class='ocr_par' dir='ltr' id='par_1_5' title="bbox 0 0 1234 4267">
     <span class='ocr_line' id='line_1_35' title="bbox 0 0 1234 4267; baseline 0 1"><span class='ocrx_word' id='word_1_235' title='bbox 0 0 1234 4267; x_wconf 95' lang='lat' dir='ltr'><strong> </strong></span> 
     </span>
    </p>
   </div>
  </div>
 </body>
</html>
