2459 4267
76 331 192 381 acm.
325 330 396 379 nm.
423 329 446 379 r.
488 329 580 379 car.
597 310 659 380 70.
677 311 737 381 71.
888 313 938 382 59

76 477 729 560 rautincerta'absolidis,brevisaprofundis.
764 487 938 547 Sternuntur

75 584 208 654 ductibus,
233 585 404 643 hauriuntur
429 583 589 660 gurgitibus
616 586 757 653 iumenta,
785 588 938 645 sarcinae:

74 677 185 756 corpora
222 681 368 743 exanima
402 684 581 751 interfluunt,
614 692 781 742 occursant.
820 685 938 758 permis·

75 788 168 840 centur
188 783 267 840 inter
290 800 330 854 se¹
345 783 495 856 manipuli,
519 784 606 841 modo
629 790 758 858 pectore,
780 785 868 841 modo
887 801 938 841 ore

74 884 150 938 tenus
180 878 344 951 exstantes,
374 882 531 956 aliquando
558 886 708 940 subtracto
739 883 803 939 solo
832 883 938 940 disiec-

74 978 103 1048 ti,
130 982 310 1038 solobruli.
332 998 392 1039 non
427 997 503 1039 vox'
520 986 551 1038 et
579 981 669 1038 mutui
698 982 828 1039 hortatos
854 981 936 1039 iuva·

75 1078 347 1146 bant,'adversante
371 1081 467 1137 nuda:
500 1080 574 1137 nibil
599 1086 731 1137 strennus
756 1083 794 1137 ab
818 1080 937 1154 ignavo,

75 1177 182 1251 sapiens
217 1182 255 1236 ab
291 1178 478 1252 imprudenti,
510 1177 636 1236 coasilia
663 1195 682 1234 a
708 1195 778 1235 casn
806 1179 936 1237 differre:

76 1283 173 1335 cuncta
188 1279 249 1350 pari
263 1277 651 1335 violentiainvolvebantnr.
694 1277 831 1335 Tandem
843 1279 938 1335 Vitel-

72 1373 159 1433 liusin
167 1378 293 1434 editiora
304 1377 413 1442 enisus,
421 1378 525 1433 eodem
537 1382 643 1451 ag'men
652 1377 800 1434 subduxit.
819 1393 937 1450 pernoo

75 1478 167 1531 lavere
186 1474 256 1533 sine'
278 1475 461 1540 utensilibus,
481 1475 546 1532 sine
561 1476 633 1549 igni,
657 1473 761 1550 magna
776 1493 841 1549 pers
860 1477 938 1534 nudo

75 1577 118 1629 aut
130 1577 257 1632 mulcato
276 1574 398 1646 corpore
412 1594 420 1642 ;
441 1574 518 1630 baud
531 1573 627 1631 minus
649 1575 837 1640 miserabiles,
851 1591 938 1649 quam

76 1687 137 1745 quos
159 1674 250 1731 hostia
275 1674 472 1740 circumsidet,
494 1672 601 1746 quippe
619 1672 679 1730 illis
692 1673 782 1730 etiam
797 1675 937 1731 bonestse

77 1771 165 1829 mortis
188 1790 274 1830 usus:
301 1773 346 1828 bis
367 1772 522 1844 inglorium
544 1771 678 1829 exitium.
718 1773 785 1829 Lux
811 1772 937 1830 reddidit

77 1872 193 1941 terram;
215 1876 455 1945 penetratumque
482 1872 519 1928 ad
546 1887 663 1927 amnem
693 1870 860 1943 Vnsingirs,
880 1888 937 1945 qno

77 1966 176 2026 (laesar
187 1970 498 2038 classecontcnderut.
513 1968 667 2041 impositae
677 1970 786 2026 deinde
798 1971 938 2042 legiones,

78 2074 194 2140 vagante
214 2070 305 2136 lama,
334 2070 515 2125 submersase
546 2085 603 2124 nec
628 2068 699 2124 fides
723 2067 835 2133 salutis,
858 2074 939 2123 ante·

77 2181 152 2239 quam
166 2167 324 2225 caesarem
338 2167 557 2240 exercitumque
571 2168 709 2223 reducem
725 2165 833 2220 videre.
875 2165 937 2222 lam
950 2172 987 2236 ῃ

78 2263 232 2334 Stertinius,
247 2267 285 2322 ad
299 2265 504 2337 accipiendum
512 2265 543 2321 in
553 2265 736 2322 deditionem
748 2262 939 2335 Segimernm,

76 2360 182 2421 fratrem
203 2365 346 2437 Segestis,
370 2363 552 2436 praemissus,
566 2364 661 2435 ipsum
675 2368 706 2417 et
725 2361 817 2418 lilium
832 2361 894 2418 eius
907 2363 939 2421 iu

79 2460 221 2521 civitatem
242 2463 386 2519 Vbiorum
407 2464 589 2535 perduxerat.
603 2463 672 2518 data
692 2462 805 2534 utrique
832 2462 938 2532 venia;

76 2556 155 2618 facila
183 2562 346 2636 Segimero,
368 2560 557 2617 cunctantius
582 2560 662 2617 lilio:
692 2560 760 2634 quia
783 2559 938 2631 Quinctilii

76 2655 143 2715 Vari
165 2678 270 2731 corpus
293 2657 444 2716 inlussisse
463 2660 623 2716 dicebatur.
666 2660 802 2716 Ceterum
824 2661 860 2716 ad
874 2679 939 2734 sup·

78 2757 174 2828 plenda
187 2757 463 2816 exercitusdamna
486 2763 638 2816 certavere
653 2758 782 2826 Galliae,
803 2758 940 2834 Hispani·

79 2869 118 2921 ae,
150 2858 257 2915 ltalia:
290 2859 365 2932 quod
390 2858 495 2931 cuique
525 2865 697 2930 promptum,
724 2875 813 2922 arma,
840 2875 939 2932 equos,

79 2968 179 3024 auram,
191 2957 356 3014 offerentes.
371 2973 490 3030 qnmurn
500 2957 617 3012 laudato
630 2958 726 3012 studio
736 2956 940 3022 Germanicus,

17 3101 18 3106 ,
78 3054 155 3109 armis
181 3056 267 3112 modo
293 3060 324 3112 et
351 3055 432 3128 equis
460 3055 497 3110 ad
529 3056 636 3111 bellum
659 3054 792 3125 sumptis,
826 3051 942 3123 propria

80 3152 196 3221 pecunia
219 3153 343 3211 militem
357 3153 441 3210 iuvit.
456 3157 544 3225 utque
558 3152 650 3209 cladis
668 3150 837 3208 memoriam
851 3148 941 3203 eliam

78 3250 210 3308 comitate
228 3252 344 3319 leniret,
357 3250 511 3309 circumire
522 3250 650 3316 saucios,
665 3250 742 3305 iacta
762 3245 941 3317 singulorum

81 3399 185 3450 Oceanum
195 3405 263 3452 bodie
282 3409 374 3452 arcent:
391 3403 543 3464 succrevilque
561 3403 669 3450 maiorum
689 3414 747 3445 aevo
767 3398 807 3444 illa
825 3409 943 3446 arenarum

79 3458 118 3516 vis,
127 3463 212 3510 satione
223 3465 308 3518 caricis,
319 3479 361 3511 noo
372 3462 420 3511 sine
430 3463 540 3509 monitore
549 3464 598 3509 deo.
631 3461 693 3518 Ilipa.

107 3536 192 3587 Imma
201 3544 228 3588 ab
238 3543 322 3603 mlidir]
349 3541 443 3591 Incerta
452 3548 593 3601 opponuntur
603 3540 687 3593 solidis,
698 3538 759 3599 quia,
769 3533 807 3583 ubi
819 3530 892 3580 solida
901 3545 947 3581 nou

79 3604 135 3658 sunt,
145 3599 175 3646 ibi
186 3601 290 3661 lubricus,
300 3602 409 3649 instabilia
419 3607 443 3647 et
453 3600 550 3646 incertus
560 3600 648 3659 gradus.
681 3597 741 3645 Em.
