2459 4267
272 296 297 364 d
602 315 790 365 anunarvas

270 469 422 546 omnisque
435 487 487 545 per
508 470 654 528 exorsum
678 473 857 540 ostentatur;
881 486 941 528 non
954 470 1139 541 obruamur

271 575 368 638 antea,
388 569 487 627 matris
506 568 625 636 artibus,
645 569 697 626 sed
718 571 815 641 palam
838 569 964 626 hortatu.
1005 571 1085 627 Nam
1098 588 1140 628 se·

271 686 340 727 nem
356 670 518 743 Augustum
528 668 703 726 devinxerat
717 668 801 735 adeo,
812 668 855 724 uti
867 671 1140 742 uepolamunioum,

272 768 434 843 Agrippam
448 767 625 836 Postumum,
638 766 670 824 in
690 767 814 824 insulam
841 766 1009 825 Planasiam
1023 768 1141 841 projiee·

270 868 438 934 rotrudem
457 883 529 924 sane
553 868 693 924 bonarum
718 866 831 931 artium,
851 871 883 923 et
893 868 995 923 robure
1007 866 1137 940 ooqroris

270 967 376 1024 stolide
403 966 538 1031 leronem,
564 965 671 1022 nullius
698 965 795 1022 tamen
823 962 927 1038 flagitii
951 971 1139 1038 compertum

272 1065 314 1125 Ar
338 1047 456 1121 barcula
478 1063 697 1130 Germanicum,
721 1064 818 1121 Druso
840 1069 945 1130 ortum,
968 1070 1039 1121 uolo
1067 1063 1140 1137 apud

270 1162 407 1222 Rhenum
420 1160 584 1236 legionibus
597 1161 744 1236 imposuit,
768 1160 913 1235 ascirique
934 1179 986 1234 per
1011 1161 1140 1235 adoptio·

270 1278 368 1320 neura
382 1260 506 1318 Tiberio
518 1260 619 1330 iussit3
632 1277 805 1335 quamquam
818 1265 895 1317 esset
906 1259 937 1316 in
952 1260 1042 1317 domo
1053 1258 1141 1336 uiue

270 1358 307 1418 rii
320 1359 396 1417 lilius
408 1358 544 1428 iuvenb3
557 1360 609 1415 sed
633 1375 691 1434 quo
705 1359 832 1431 pluribus
857 1358 1141 1416 munimentis'insis·

271 1462 354 1515 leret.
394 1458 513 1515 Bellum
535 1475 571 1514 ea
596 1461 771 1531 tempestate
786 1459 906 1523 nullum,
931 1457 989 1514 nisi
1002 1458 1141 1514 adversus

272 1555 434 1615 Germanus
448 1561 613 1630 supererat;
639 1556 803 1613 abolendae
824 1554 916 1629 magia
940 1555 1091 1623 infirmius,
1105 1556 1141 1611 ob

270 1657 409 1714 amissum
443 1672 510 1713 oum
551 1654 717 1727 Quinctilio
744 1654 826 1710 Varo
863 1652 1037 1718 exereitum,
1059 1669 1143 1728 quam

270 1755 407 1826 cupidine
422 1754 585 1826 proterendi
595 1753 711 1827 imperii
729 1759 778 1810 aut
789 1753 909 1826 dignum
922 1754 960 1809 ob
974 1754 1141 1824 praemium.

271 1850 362 1909 Domi
382 1868 428 1908 res
454 1853 642 1926 tranquillae;
674 1852 779 1908 eadem
802 1853 1023 1924 magistratuum
1052 1867 1137 1908 voua-

270 1948 367 2006 bula:
403 1950 529 2007 iuniores
558 1956 623 2022 [rost
654 1949 811 2009 Antinoum
851 1948 1014 2015 victoriam,
1050 1949 1139 2007 etiam

270 2064 356 2106 senes
369 2049 496 2125 plerique
510 2049 588 2127 inter
609 2050 687 2114 bella
706 2048 817 2105 civium
829 2031 902 2104 nati.
917 2049 1141 2124 quotusquisque

240 2147 406 2222 stelbom,
433 2149 482 2224 qui
510 2164 570 2206 rem
595 2148 742 2222 publicam
768 2144 913 2205 vidisset?
938 2147 1030 2222 Igitur
1058 2162 1140 2204 verso

271 2246 403 2305 civitatis
424 2253 511 2315 statu,
526 2248 599 2306 nihil
621 2263 741 2321 usquam
764 2245 852 2319 prisci
866 2253 896 2302 et
910 2245 1018 2319 integri
1036 2246 1141 2304 moris:

271 2363 382 2415 omnes,
397 2355 486 2406 exuta
499 2347 685 2422 aequalitate,
708 2345 786 2403 iussa
801 2344 947 2417 Principis
969 2349 1142 2417 aspectam

272 2446 353 2502 nulla
379 2446 411 2502 in
445 2463 581 2517 praeseus
614 2445 778 2512 tormidine,
811 2445 880 2502 dum
916 2446 1066 2517 Augustus
1099 2461 1143 2501 ue·

273 2545 333 2600 tale
360 2543 474 2599 validus
501 2559 589 2616 seque
616 2548 647 2599 et
666 2544 791 2622 ‘domurn
816 2547 847 2599 et
872 2559 978 2616 paoem
1001 2547 1143 2599 sustenta-

273 2640 326 2698 vit.
381 2641 538 2715 Postquam
575 2641 705 2713 prolecto
741 2641 800 2698 iam
824 2647 963 2700 senectus
998 2659 1089 2715 aegro
1114 2648 1143 2697 et

273 2746 394 2810 corpore
414 2738 597 2814 fatigabatur,
619 2741 776 2813 aderatque
799 2740 865 2798 finis
886 2745 917 2797 et
936 2755 1003 2814 spes
1032 2757 1145 2798 novaer

273 2837 360 2913 pauci
373 2839 449 2894 bona
470 2838 613 2895 libertatis
627 2839 774 2896 ineassum
794 2839 952 2896 disserere:
974 2841 1072 2911 plures
1087 2840 1143 2896 bel·

272 2939 332 2995 lum
342 2953 508 3009 pavescere,
517 2936 568 2994 alii
576 2954 699 3012 cupere:
718 2954 782 3011 pars
792 2940 883 2995 multo
900 2936 1028 2995 maxima
1050 2935 1144 3012 immi·

314 3110 435 3174 Vocabula]
458 3112 502 3158 Sed
522 3125 566 3159 oon
585 3112 620 3159 vis
638 3115 678 3157 aut
707 3116 813 3173 potestas.
845 3112 929 3159 Caesar
948 3111 1013 3159 inse
1032 3113 1141 3159 masaa

273 3170 335 3230 la'ps.
367 3173 469 3219 lutimum
481 3185 586 3218 areanum
596 3171 737 3226 novirtatus,
757 3172 831 3230 imago
845 3171 932 3233 prioris.
965 3171 1015 3231 lpse
1024 3170 1145 3232 paullatim

272 3232 370 3278 exolevit
379 3231 465 3289 priorsus
478 3246 523 3277 mor
547 3231 562 3276 i.
573 3245 594 3276 e.
616 3235 693 3275 vetera
704 3228 805 3276 instituta
814 3236 839 3276 st
848 3231 908 3276 ratio
918 3228 949 3276 rei
960 3230 1022 3291 publ.
1041 3228 1147 3277 adminiv

272 3291 374 3347 troadae,
385 3291 552 3349 magistratuum
564 3289 708 3335 creandorum
722 3294 766 3335 ets.
787 3290 883 3336 neforte
897 3288 1039 3349 disciplinam
1057 3301 1144 3335 morum

272 3349 363 3408 rogites
395 3348 603 3396 Moxdedirmrrrr.
636 3348 683 3394 lam
694 3346 800 3395 Muretus
808 3347 987 3407 vulgareritium
997 3348 1102 3394 mumvit

272 3428 538 3534 militiam?
554 3425 969 3532 Vtffil'ssfflffiwt
999 3424 1064 3484 ¹⁸⁸·
1087 3425 1140 3488 Μ

311 3561 454 3609 Immirrsuls's
473 3589 480 3597 -
499 3591 509 3602 -
527 3501 671 3626 aurbum]
683 3565 782 3612 Notabis
801 3565 912 3624 ingenium
931 3563 1010 3626 plebis,
1030 3564 1079 3613 out
1097 3577 1143 3611 rurs

271 3620 539 3671 homunculorum
554 3623 950 3685 &manummerias
968 3621 1145 3675 uruioerslsub‘

272 3681 343 3729 ΓΜ
351 3679 430 3728 ducor.-
445 3681 504 3730 Stat.
516 3682 589 3731 Theb.
601 3685 623 3742 1,
634 3685 683 3732 ltl.
714 3682 778 3743 ἱλμ.
