2459 4267
260 326 308 393 54
583 343 770 395 uunanrru
986 348 1014 393 n.
1031 345 1133 395 vm.

260 517 315 573 que
337 500 517 573 propulsaret
538 500 661 566 hostem,
682 505 779 557 curtm
803 497 907 557 meteri
931 499 963 557 in
978 502 1045 557 loco
1068 503 1132 573 ple·

208 603 250 661 64
261 597 337 668 ouit3
358 605 390 655 ut
416 615 498 671 opus,
511 605 542 655 et
555 599 606 657 alii
632 599 773 672 proelium
794 598 969 671 inciperent.
1011 598 1136 656 Barbari

260 697 438 772 perfringere
460 700 611 764 stationes,
625 712 714 773 seque
734 699 842 755 inferre
857 700 1049 757 munitoribus
1064 699 1137 767 nisi,

260 799 417 864 lacessunt,
430 798 718 871 circumgredimur,
727 802 900 854 occursant:
921 798 1059 855 miscetur
1065 794 1137 871 ope·

262 896 386 954 rentium
411 898 637 971 bellantiumque
649 899 771 954 clamor,
785 902 818 953 et
832 902 940 953 cuncte
954 898 1061 969 pariter
1076 899 1136 955 Ro·

262 995 356 1052 manis
377 996 519 1065 edversa3
541 999 621 1053 locus
635 995 745 1069 uligine
759 996 908 1068 munde,
927 995 1006 1065 illem
1020 998 1056 1053 uel
1070 1013 1137 1071 gra·

262 1094 330 1151 dum
344 1093 497 1161 instabilis,
519 1095 742 1167 procedentibus
766 1096 908 1164 lubricus,
930 1111 1050 1168 corpora
1070 1113 1137 1170 gra·

264 1193 313 1249 viu
328 1192 444 1249 loricis:
466 1211 560 1267 neque
584 1193 689 1251 librare
714 1193 774 1267 pila
787 1193 864 1250 inter
883 1196 975 1252 undas
988 1200 1136 1267 poteraut.

264 1291 383 1356 Coutm,
394 1292 550 1350 Cheruscis
563 1297 646 1350 sueta
655 1293 731 1365 apud
742 1293 862 1365 paludes
871 1293 998 1366 proelia;
1014 1309 1138 1364 prooem

264 1393 408 1458 membru
429 1392 530 1448 bustao
554 1391 688 1465 ingentes
701 1392 738 1447 ad
755 1393 874 1448 vulnera
888 1390 1023 1448 lneieuda
1035 1407 1136 1465 quam·

266 1489 311 1546 ria
330 1491 438 1561 procul.
462 1508 519 1547 nor
534 1491 651 1547 demum
671 1490 843 1547 inclinantis
863 1490 923 1547 iam
941 1490 1071 1563 legiones
1084 1492 1136 1547 uu-

264 1606 367 1646 rersce
382 1605 496 1662 pugnae
519 1589 637 1646 exemit.
679 1588 832 1656 Germani,
843 1591 883 1646 ob
903 1606 1040 1662 prospera
1052 1589 1136 1646 inde·

264 1687 342 1753 lessi,
357 1704 394 1743 ue
409 1694 468 1744 tum
477 1687 593 1761 quietern
603 1695 718 1762 sumptu
729 1689 836 1763 quiete,
847 1695 986 1761 quantum
996 1701 1137 1761 eqourum

264 1785 373 1843 circum
387 1787 569 1860 surgentibus
593 1787 668 1860 iugis
682 1787 781 1852 oritur,
796 1794 910 1844 vertere
930 1787 961 1843 in
980 1786 1131 1843 subiecta:

264 1901 413 1959 mersaque
428 1885 524 1953 humo,
537 1891 568 1942 et
581 1886 692 1951 obruto,
706 1886 781 1962 quod
807 1886 942 1942 ellectum
963 1886 1069 1956 operis,
1083 1886 1136 1942 de·

265 1982 389 2056 plicatus
401 1984 486 2040 militi
499 1986 585 2040 labor.
628 1984 886 2056 octuagesimum
899 1984 932 2040 id
956 1982 1136 2055 stipendium

266 2082 400 2140 Caenina
413 2083 534 2155 parentii
554 2087 603 2140 eut
622 2082 808 2155 imperitandi
832 2083 973 2150 habebam
993 2083 1137 2139 secunda·

265 2199 327 2238 rum
354 2182 606 2256 ambiguarumque
619 2199 715 2239 rerum
726 2182 834 2247 sciens,
861 2199 954 2255 eoque
975 2180 1135 2237 interritus.

264 2279 356 2354 Igitur
369 2282 462 2338 lutura
476 2284 610 2347 volvem,
627 2297 684 2337 uon
699 2279 905 2352 aliodreperit,
919 2296 1004 2353 quum
1023 2284 1053 2335 ut
1068 2280 1136 2336 boa·

265 2385 324 2435 tem
334 2379 417 2435 silvie
426 2386 583 2444 coerceret,
597 2380 692 2436 donec
701 2379 805 2445 saucii,
815 2384 1010 2452 quantumque
1019 2377 1135 2451 gravio·

265 2476 304 2532 rie
318 2478 450 2549 agminis,
475 2477 631 2534 anteirent.
644 2495 712 2535 nam
736 2478 833 2534 medio
854 2478 994 2534 montium
1010 2483 1041 2535 et
1055 2481 1135 2550 prela·

265 2576 333 2631 dum
348 2576 543 2648 porrigebatur
556 2578 786 2651 planities,quse
806 2585 924 2634 tenuem
943 2578 1038 2633 eciem
1055 2582 1136 2649 pate·

265 2678 351 2729 retur.
405 2673 582 2746 Deliguntur
609 2676 749 2748 legiones,
776 2676 877 2750 quinta
903 2677 1009 2731 &extro
1040 2677 1134 2744 lateri,

266 2770 495 2828 unoetvicesimo
522 2772 554 2828 in
587 2774 723 2843 laevum3
757 2774 881 2847 primani
904 2776 1068 2830 (lucendum
1097 2776 1135 2832 ud

214 2871 253 2929 65
266 2887 387 2945 ugmeu3
408 2869 604 2927 vicesimanus
628 2873 783 2928 adversum
796 2879 953 2928 secuturos.
997 2873 1066 2928 Nox
1084 2892 1137 2946 per

265 2973 380 3029 diversa
393 2971 522 3046 inquies:
538 2989 603 3029 cum
618 2971 730 3028 barbari
745 2972 825 3027 lestis
839 2973 942 3044 epulis,
956 2974 1136 3031 leetocuntu

266 3078 315 3130 eut
329 3071 403 3128 truci
417 3088 519 3127 sonore
534 3070 665 3127 subiecta
682 3070 801 3127 rutilum
815 3088 851 3128 uc
866 3070 1032 3127 resultantis
1043 3074 1137 3129 saltus

266 3173 462 3241 complerent3
484 3171 558 3243 apud
573 3169 720 3226 Romanos
728 3168 853 3226 invalidi
864 3168 1136 3245 ignesinterruptee

268 3290 365 3339 voces,
380 3275 464 3344 atque
481 3269 539 3342 ipsi
554 3268 660 3342 passim
679 3267 846 3326 adiacerent
861 3270 951 3335 rullo,
964 3269 1136 3326 oberrarent

295 3446 438 3513 Interruptur
452 3444 535 3548 merch
560 3443 632 3498 Quae,
651 3449 691 3489 uut
710 3442 825 3513 querum?
839 3442 947 3510 Vigilunr.
980 3442 1021 3511 ltu⁴
1031 3442 1139 3511 replendi

265 3512 345 3548 unctor
354 3518 400 3561 ipsc
411 3502 503 3550 Tacitus
538 3508 575 3556 .b,
586 3505 621 3548 22,
656 3503 707 3548 Duo
717 3509 783 3558 igitur
792 3502 892 3547 solennia
903 3500 1012 3546 Romanis
1020 3501 1137 3559 vigilibus,

267 3563 357 3620 Signum
366 3567 389 3608 ct
401 3561 481 3608 Voces.
513 3561 685 3623 Signum‚enpio
695 3559 823 3608 bucrinmn:
841 3559 922 3618 Voces,
937 3559 1056 3621 utaequa
1065 3560 1137 3608 intar-
