2459 4267
86 309 198 356 nors
284 310 405 357 nimi.
455 289 707 359 cinisio.
738 292 792 360 17.
893 294 937 360 21

84 463 154 532 ditis,
173 464 211 519 oh
233 462 376 521 iustitium
404 470 454 521 aut
481 465 617 539 gaudium
641 464 836 523 intermiserat
855 466 942 525 solita

39 570 42 574 ’
84 562 181 618 munia.
234 563 281 619 Eo
308 563 455 637 principio
482 563 618 622 lascivire
645 565 739 631 miles,
766 565 942 634 discordare,

82 661 190 732 pessimi
203 661 344 737 caiusque
365 662 545 719 sermonibus
559 665 697 736 praebere
710 680 803 729 aures,
817 664 942 738 denique

83 761 174 817 luxum
195 767 225 818 et
248 763 344 820 otium
366 780 478 835 cupere,
493 762 680 835 disciplinam
701 769 731 820 et
753 764 881 821 lahorem
896 764 944 820 ad·

81 862 208 933 spernsri.
250 862 325 919 Erat
339 863 371 919 in
395 863 497 919 castris
522 863 702 920 Percennius
725 865 852 938 quidam,
883 864 943 920 dux

81 960 143 1015 olim
154 959 344 1018 theatralium
357 978 519 1033 operarum,
532 962 601 1018 dein
616 962 763 1036 gregarius
773 963 867 1029 miles,
881 980 942 1034 pro

81 1073 130 1113 cas
150 1058 256 1132 lingue,
271 1065 303 1117 et
327 1059 450 1118 miscere
470 1065 573 1117 coetus
588 1061 752 1118 histrionali
766 1063 863 1119 studio
875 1064 944 1117 doc·

80 1158 126 1212 ius.
164 1158 193 1214 ls
206 1158 360 1231 imperitos
379 1159 500 1227 animos,
515 1164 555 1226 et,
580 1176 722 1233 quaenam
750 1166 814 1232 post
830 1161 943 1234 Augus·

82 1261 132 1311 tum
145 1256 268 1314 miiitiae
282 1256 427 1336 conditio,
447 1258 641 1331 ambigentes,
665 1258 815 1331 impellere
836 1260 943 1331 paulla-

81 1352 126 1410 tim
144 1355 294 1413 nocturnis
316 1356 488 1429 conloquiis,
503 1362 553 1414 aut
567 1357 646 1413 flexo
665 1356 696 1412 iu
711 1374 866 1431 vesperam
884 1355 943 1424 die,

80 1458 114 1519 et,
125 1454 241 1527 dilapsis
264 1454 444 1520 melioribus,
461 1455 646 1513 deterrimum
668 1473 809 1530 quemque
822 1474 942 1530 congre·

80 1568 146 1624 gare.
186 1554 352 1621 Postremo,
363 1554 503 1626 promptis
523 1552 583 1611 iaru
595 1560 627 1611 et
649 1553 715 1611 aliis
729 1554 882 1613 seditionis
892 1558 943 1614 rni-

80 1650 176 1718 uistris,
204 1655 290 1707 velut
326 1652 585 1709 concionahuudns
611 1652 829 1726 interrogabat:
863 1649 1010 1730 ‘0¹¹¹'in

80 1751 187 1820 ‘paucis
201 1749 434 1818 centurionibus,
443 1751 625 1824 paucioribus
635 1750 768 1819 tribunis,
778 1752 810 1809 in
823 1755 943 1812 modurn

79 1851 236 1907 ‘serrorum
273 1839 462 1907 obedirent?
496 1854 612 1926 quando
638 1868 755 1908 ausuros
782 1855 942 1925 exposcere

81 1948 225 2018 ‘remedia
240 1949 303 2008 nisi
325 1968 435 2009 novum
457 1956 487 2007 et
501 1947 653 2008 nutantem
671 1950 767 2006 adhuc
781 1950 943 2025 principem

80 2047 220 2116 ‘precibus
247 2053 303 2109 vel
330 2051 418 2107 arinis
442 2046 578 2107 adirent?
609 2049 681 2106 satis
706 2065 758 2121 per
781 2051 824 2104 tot
851 2066 942 2106 annos

78 2142 203 2217 ‘ignavia
230 2156 400 2223 peccatum,
430 2149 506 2223 quod
543 2147 658 2206 tricena
683 2151 734 2203 aut
761 2147 944 2219 quadragena

80 2244 231 2317 ‘stipendia
245 2266 345 2316 senes,
360 2253 389 2304 et
411 2247 539 2323 plerique
561 2249 696 2303 truncato
720 2260 758 2300 ex
774 2244 945 2303 vulneribus

105 2395 215 2469 iuditium
229 2407 275 2451 urst
282 2402 406 2472 goudium]
436 2401 557 2471 iustitium,
566 2399 597 2447 ob
613 2399 819 2470 Pudendumst
828 2398 942 2457 indictum,

80 2462 99 2499 et
107 2457 280 2532 publreusduior
294 2467 321 2533 et
328 2469 435 2531 cessatrq:
451 2461 563 2530 gsudrum,
574 2459 604 2528 oh
615 2465 680 2529 rprtra
689 2458 782 2528 Tubero.
794 2464 818 2504 et
827 2463 880 2504 tune
890 2474 942 2520 quo

80 2517 942 2646 irripuerit'emer-,trtzrrqurrtlrerm

79 2633 163 2689 torreta,
173 2638 210 2683 vel
228 2636 320 2684 adiecta
330 2652 378 2683 esse
394 2636 425 2707 ab
441 2636 525 2705 aliquo,
541 2635 588 2695 qui,
599 2641 708 2704 iustitium
725 2635 778 2696 quid
788 2642 853 2692 esset,
864 2651 942 2707 paruus

77 2693 942 2815 dissimilitudini‘'ituri‘'ldttittffittttmsstltlt

78 2806 174 2859 &cutam
183 2828 233 2861 mor
244 2819 285 2860 aut
293 2815 433 2860 coniunctam
441 2827 491 2859 curn
501 2811 586 2858 iustitio
595 2812 661 2858 luisse
680 2812 790 2870 publicam
808 2812 940 2870 gratulatio·

78 2878 122 2912 nem
138 2884 175 2917 seu
194 2873 433 2933 laetitiam-nusquam
449 2873 514 2930 leg03
530 2876 554 2915 et
572 2871 672 2930 ineptum
683 2871 771 2916 videtur
785 2871 898 2929 gaudium
914 2872 943 2917 de

79 2928 177 3029 praesidis
194 2933 277 2978 affectu
297 2930 393 2991 privato.
434 2930 528 2977 Vrsinus
542 2929 640 2976 malebat
662 2929 688 2974 ob
707 2930 839 2975 moestitiam
858 2934 898 2975 uut
915 2944 939 2986 g.

23 3009 24 3048 ᾗ
81 2985 146 3091 o'ltipm
164 2988 271 3052 ineptius.
304 2990 414 3036 Dicsmne
429 2990 488 3050 quod
504 2988 596 3037 sentioi'
614 2988 677 3034 Mihi
695 2989 738 3035 hoc
756 2994 829 3036 totum
847 2988 943 3045 glossam

23 3063 24 3066 ,
101 3058 128 3091 e.

23 3131 24 3134 ’
105 3123 160 3171 Duc
173 3128 392 3185 arim—operarum
435 3127 459 3174 ln
470 3128 566 3182 theatro,
575 3124 632 3172 sicut
646 3127 669 3172 iu
679 3125 752 3181 Circo,
768 3138 822 3170 scse
831 3125 906 3182 partes
920 3127 945 3191 et

79 3180 189 3250 factiones:
213 3186 324 3233 distracto
342 3187 447 3232 rideieet
461 3188 539 3232 lavore
555 3185 628 3247 plebis
650 3185 672 3231 in
690 3186 748 3230 bunc
764 3182 903 3251 histrionem,
922 3196 945 3226 ru

78 3239 141 3289 illum.
173 3246 222 3291 lise
232 3261 277 3294 non
288 3258 340 3291 raro
350 3245 372 3290 in
383 3245 502 3291 tumultum
512 3245 610 3299 eribant,
621 3245 776 3303 imopugnsrn,
788 3254 834 3285 nno
844 3238 942 3305 caedem.

23 3311 24 3346 i
80 3297 124 3346 ilus
133 3303 166 3350 hir
173 3305 308 3362 factionibus
317 3309 342 3349 et
352 3304 448 3362 signiter,
458 3303 583 3350 levissimus
592 3303 685 3363 quisque
701 3315 715 3345 e
728 3298 806 3360 plebe:
824 3311 860 3341 cur
869 3296 945 3352 lingua

23 3355 24 3376 ¹
79 3371 190 3423 manusque
208 3364 239 3410 ad
257 3362 349 3409 iniurias
367 3368 390 3407 et
405 3363 550 3409 contumelias
568 3369 693 3422 promptae.
727 3359 763 3406 sb
781 3370 826 3404 uno
843 3356 948 3415 exemplo

80 3415 132 3464 illm
141 3436 186 3469 reru
196 3427 279 3478 totsm,
290 3422 351 3481 apud
361 3421 490 3468 Suetonium
500 3421 593 3470 Nerone
603 3435 623 3466 c.
634 3422 670 3466 26.

102 3498 237 3550 Hirlrionnli
257 3500 341 3561 studio]
375 3500 399 3547 ltl
416 3504 459 3557 est,
487 3500 568 3556 studio,
591 3498 650 3560 quod
668 3497 746 3545 solitus
763 3499 813 3542 erat
831 3495 949 3554 praestare

80 3554 213 3611 histrionibus
223 3563 249 3609 in
262 3559 418 3624 comparandis
426 3558 558 3629 lectionibus
567 3559 707 3621 plausorem„
734 3556 805 3604 Gron.
