2459 4267
297 325 346 391 ts
618 340 806 389 aramum
1023 348 1052 394 s.
1067 346 1097 393 v.
1106 348 1161 394 ros

296 497 333 555 rit
347 495 586 554 undevicesimae
602 495 728 570 legionis
742 495 880 572 nquiism,
898 514 967 555 cnm
988 498 1070 555 Varo
1082 499 1163 556 amis·

294 612 367 653 sam.
409 597 538 652 Ductum
551 597 621 653 inde
635 611 740 670 agmen
755 598 792 653 ad
808 583 924 654 ultimos
938 599 1138 655 Bructerorum
1154 616 1162 652 τ

295 701 490 770 quantumque
506 694 651 752 Amisiam
661 702 690 750 et
705 695 849 768 Luppiam
862 713 965 753 amnes
976 696 1061 763 inter,
1073 702 1162 753 vasta·

296 799 367 861 turn,
381 796 456 851 baud
482 796 581 868 procot
607 794 854 867 Teutoburgiensi
877 798 964 862 ssttu,
989 796 1089 869 inquo
1101 794 1162 851 reti·

242 905 279 961 61
296 892 382 967 quise
395 894 470 950 Vari
484 894 689 968 legionumque
710 893 873 967 insepultae
887 895 1070 951 dicebantur.
1109 893 1161 966 {gi

296 998 341 1050 tor
353 992 460 1065 cupido
486 994 642 1050 Gaesarem
657 994 782 1058 invadit,
796 993 932 1050 sotvendi
945 1011 1078 1067 suprema
1092 991 1160 1050 mitt·

294 1090 371 1148 tibus
385 1091 527 1164 ducique;
548 1095 680 1164 permoto
701 1092 737 1148 ad
762 1091 981 1150 miserationem
1004 1094 1093 1161 omni,
1114 1091 1160 1166 qui

293 1192 403 1256 aderat,
418 1190 559 1257 exercitu,
572 1192 611 1246 ob
633 1190 819 1265 propinquos,
840 1193 963 1256 amicos,
988 1193 1112 1265 deniqne
1124 1192 1159 1246 ob

293 1306 377 1347 casus
391 1289 532 1346 beliorum
546 1295 578 1346 et
587 1299 695 1348 sortem
710 1290 869 1347 bominum.
912 1291 1078 1348 Praemisso
1089 1291 1159 1348 Cae·

292 1388 369 1454 cina,
395 1395 425 1444 ut
450 1391 567 1445 occutts
589 1390 715 1446 saitmm
742 1381 926 1456 scrutaretur,
948 1399 1107 1463 pontesque
1131 1392 1160 1444 et

292 1505 412 1560 aggeres
421 1487 541 1544 humido
552 1489 688 1560 paludum
700 1494 730 1544 et
744 1487 896 1545 isiiaoibus
909 1489 1024 1561 campis
1038 1489 1160 1560 impone·
1211 1535 1212 1564 ,

293 1592 348 1649 ret,
363 1586 504 1643 incedunt
525 1592 652 1643 moestos
667 1589 757 1655 iocos,
772 1588 893 1662 visuque
906 1603 944 1643 ac
959 1587 1096 1644 memoria
1115 1586 1160 1641 de·

291 1686 405 1743 formes.
447 1686 544 1743 Primo
559 1685 632 1743 Vari
646 1691 752 1753 castra,
763 1689 823 1743 tato
836 1686 956 1751 ambito,
971 1692 1004 1743 et
1024 1682 1158 1742 dimensis

262 1851 266 1862 Ι
291 1784 453 1858 principiis,
467 1785 554 1842 trium
568 1783 833 1858 legionum-manns
857 1787 1064 1842 ostentabant:
1084 1781 1159 1849 dein,

290 1883 429 1941 semiruto
450 1881 538 1950 vatio,
560 1883 662 1940 hnmiti
686 1884 771 1951 fosse,
796 1884 912 1941 accisae
935 1884 994 1940 inm
1024 1883 1159 1957 retiquise
1211 1871 1212 1878 ¹

291 1983 458 2040 consedisse
485 1968 744 2055 inteiligeborrtur:
780 1982 877 2039 medio
900 1981 997 2054 campi
1034 1980 1159 2039 albentis

290 2100 366 2149 ossa,
382 2090 412 2138 ut
428 2083 569 2157 fugerant,
582 2086 615 2137 ut
628 2082 803 2146 restiterant,
815 2079 939 2137 disiecta
953 2083 1002 2138 vei
1019 2085 1158 2154 aggerata.
1211 2100 1212 2144 t

290 2182 464 2239 adiacebant
477 2179 619 2254 fragmina
631 2180 762 2245 telorum,
773 2196 965 2253 equorumque
976 2187 1066 2246 artus,
1076 2178 1158 2236 simul

291 2281 400 2346 truncis
414 2283 546 2337 orborum
567 2278 696 2335 antefixa
721 2294 791 2334 orat
813 2278 885 2335 tucis
912 2279 1081 2354 propinquis
1100 2280 1157 2334 bsr·

290 2378 377 2433 barae
391 2393 468 2444 arae,
481 2378 557 2450 apud
571 2395 642 2451 quas
657 2376 796 2443 tribunos,
809 2393 845 2433 ac
860 2378 1015 2449 primorum
1029 2376 1158 2435 ordinum

290 2475 476 2532 centuriones
501 2480 711 2533 mactaverant.
736 2481 766 2532 et
788 2476 881 2533 ciariis
895 2476 959 2533 eius
982 2476 1159 2550 superstites,

289 2590 415 2646 pugnam
430 2577 479 2629 snt
494 2572 613 2630 vincula
627 2576 729 2648 elapsi,
744 2575 916 2642 referebant,
931 2583 939 2608 ‘
954 2576 1003 2634 hic
1017 2574 1158 2634 cecidisse

289 2671 439 2742 ‘legatos;
459 2669 521 2727 iltic
550 2677 645 2744 ruptas
669 2673 802 2748 aquiias;
833 2674 955 2748 primum
978 2674 1030 2731 ubi
1055 2676 1156 2731 vuinus

288 2774 297 2799 ⁴
309 2767 391 2825 Varo
414 2770 565 2841 adactum3
587 2772 637 2828 ubi
651 2771 763 2830 infelici
784 2775 888 2830 dextra
901 2778 931 2829 et
943 2789 995 2829 suo
1008 2773 1070 2830 ictu
1085 2788 1157 2829 mor·

290 2874 369 2924 ‘tem
384 2867 550 2939 invenerit3
572 2888 629 2942 quo
644 2870 782 2931 tribunati
790 2872 981 2928 concionatus
998 2871 1156 2936 Arminius,

180 2955 182 2958 ’
288 2973 376 3043 ‘quot
390 2968 517 3041 patibula
532 2967 669 3039 captivis,
683 2986 756 3043 quae
770 2971 906 3038 scrobes3
927 2977 1014 3043 utque
1028 2968 1157 3050 signiset

234 3068 412 3142 62‘aquitis
432 3086 483 3140 per
504 3067 666 3138 superbiam
691 3066 845 3125 inluserit!
886 3068 977 3141 igitur
998 3068 1156 3134 Romanus,

286 3169 335 3245 qui
349 3170 458 3232 aderat,
481 3165 636 3235 exercitus,
651 3171 768 3223 sextum
782 3171 846 3239 post
866 3167 960 3223 ctadis
975 3156 1095 3232 annum,
1110 3165 1156 3222 tri·

285 3286 333 3326 um
348 3269 495 3341 legionum
519 3283 593 3331 ossa,
615 3268 695 3321 nutto
719 3272 869 3331 noscente,
883 3266 995 3323 eiienas
1019 3264 1154 3337 reliquias

285 3386 322 3425 an
337 3384 451 3423 suorum
466 3367 552 3423 humo
565 3369 685 3438 tegeret,
694 3382 797 3421 omnes
810 3369 840 3421 ut
853 3364 1036 3429 coniunctos,
1046 3371 1077 3420 ut
1088 3380 1156 3419 con·

209 3525 213 3536 ,
284 3466 468 3536 sanguineos,
493 3470 577 3521 aucta
594 3464 623 3519 in
640 3465 751 3520 bostem
773 3464 824 3528 ira,
846 3463 949 3520 moesti
971 3462 1054 3519 simui
1070 3469 1100 3518 et
1115 3461 1156 3518 iu·

175 3629 179 3638 ι
283 3564 359 3621 sensi
382 3565 559 3620 condebant.
602 3561 731 3619 Primum
755 3563 933 3619 exstruendo
956 3563 1065 3618 tumuto
1090 3578 1152 3617 ces·

282 3663 373 3738 pitem
388 3663 498 3720 caesar
510 3660 614 3732 posuit,
634 3660 799 3735 gratissimo
812 3678 931 3720 munere
945 3662 976 3720 in
991 3660 1153 3725 defunctos,
