<?xml version="1.0" encoding="UTF-8"?>
<!DOCTYPE html PUBLIC "-//W3C//DTD XHTML 1.0 Transitional//EN"
    "http://www.w3.org/TR/xhtml1/DTD/xhtml1-transitional.dtd">
<html xmlns="http://www.w3.org/1999/xhtml" xml:lang="en" lang="en">
 <head>
  <title>
</title>
<meta http-equiv="Content-Type" content="text/html;charset=utf-8" />
  <meta name='ocr-system' content='tesseract 3.04.00' />
  <meta name='ocr-capabilities' content='ocr_page ocr_carea ocr_par ocr_line ocrx_word'/>
</head>
<body>
  <div class='ocr_page' id='page_1' title='image "./ccorneliitaciti02unkngoog_0431.png"; bbox 0 0 2459 4267; ppageno 0'>
   <div class='ocr_carea' id='block_1_1' title="bbox 152 345 1020 420">
    <p class='ocr_par' dir='ltr' id='par_1_1' title="bbox 152 345 1020 420">
     <span class='ocr_line' id='line_1_1' title="bbox 152 345 1020 420; baseline 0.002 -6"><span class='ocrx_word' id='word_1_1' title='bbox 152 363 286 420; x_wconf 56' lang='lat' dir='ltr'>ascen</span> <span class='ocrx_word' id='word_1_2' title='bbox 369 359 442 412; x_wconf 77' lang='lat' dir='ltr'>ura.</span> <span class='ocrx_word' id='word_1_3' title='bbox 470 362 551 412; x_wconf 75' lang='lat' dir='ltr'>suu</span> <span class='ocrx_word' id='word_1_4' title='bbox 600 364 679 413; x_wconf 74' lang='lat' dir='ltr'>cae.</span> <span class='ocrx_word' id='word_1_5' title='bbox 706 345 875 413; x_wconf 66' lang='lat'><strong>55.-‘-57.</strong></span> <span class='ocrx_word' id='word_1_6' title='bbox 953 347 1020 416; x_wconf 78' lang='lat'>391</span> 
     </span>
    </p>
   </div>
   <div class='ocr_carea' id='block_1_2' title="bbox 42 518 1088 3345">
    <p class='ocr_par' dir='ltr' id='par_1_2' title="bbox 148 518 1027 985">
     <span class='ocr_line' id='line_1_2' title="bbox 150 518 1027 593; baseline 0.003 -17"><span class='ocrx_word' id='word_1_7' title='bbox 150 519 213 576; x_wconf 86' lang='lat' dir='ltr'>‘Id</span> <span class='ocrx_word' id='word_1_8' title='bbox 235 518 311 586; x_wconf 88' lang='lat' dir='ltr'>Diis,</span> <span class='ocrx_word' id='word_1_9' title='bbox 330 519 629 593; x_wconf 29' lang='lat' dir='ltr'>quossimplorareut,</span> <span class='ocrx_word' id='word_1_10' title='bbox 658 521 807 592; x_wconf 89' lang='lat' dir='ltr'>placitum,</span> <span class='ocrx_word' id='word_1_11' title='bbox 827 525 859 577; x_wconf 85' lang='lat' dir='ltr'>ul</span> <span class='ocrx_word' id='word_1_12' title='bbox 878 520 1027 579; x_wconf 80' lang='lat' dir='ltr'><strong>arbitrium</strong></span> 
     </span>
     <span class='ocr_line' id='line_1_3' title="bbox 152 617 1027 693; baseline 0.002 -19"><span class='ocrx_word' id='word_1_13' title='bbox 152 622 269 690; x_wconf 86' lang='lat' dir='ltr'>‘penes</span> <span class='ocrx_word' id='word_1_14' title='bbox 290 617 439 675; x_wconf 88' lang='lat' dir='ltr'>Romanos</span> <span class='ocrx_word' id='word_1_15' title='bbox 460 623 600 683; x_wconf 86' lang='lat' dir='ltr'>maneret,</span> <span class='ocrx_word' id='word_1_16' title='bbox 628 618 698 692; x_wconf 89' lang='lat' dir='ltr'>quid</span> <span class='ocrx_word' id='word_1_17' title='bbox 727 619 840 685; x_wconf 87' lang='lat' dir='ltr'>darent,</span> <span class='ocrx_word' id='word_1_18' title='bbox 869 619 938 693; x_wconf 90' lang='lat' dir='ltr'>quid</span> <span class='ocrx_word' id='word_1_19' title='bbox 967 619 1027 676; x_wconf 84' lang='lat' dir='ltr'>adi·</span> 
     </span>
     <span class='ocr_line' id='line_1_4' title="bbox 148 715 1027 791; baseline 0.002 -19"><span class='ocrx_word' id='word_1_20' title='bbox 148 721 162 749; x_wconf 84' lang='lat'>‘</span> <span class='ocrx_word' id='word_1_21' title='bbox 176 725 310 774; x_wconf 81' lang='lat' dir='ltr'>merent:</span> <span class='ocrx_word' id='word_1_22' title='bbox 331 734 424 791; x_wconf 90' lang='lat' dir='ltr'>neque</span> <span class='ocrx_word' id='word_1_23' title='bbox 452 716 526 773; x_wconf 88' lang='lat' dir='ltr'>alios</span> <span class='ocrx_word' id='word_1_24' title='bbox 546 715 668 783; x_wconf 86' lang='lat' dir='ltr'>iudices,</span> <span class='ocrx_word' id='word_1_25' title='bbox 697 733 783 790; x_wconf 89' lang='lat' dir='ltr'>quam</span> <span class='ocrx_word' id='word_1_26' title='bbox 803 735 834 773; x_wconf 87' lang='lat' dir='ltr'>se</span> <span class='ocrx_word' id='word_1_27' title='bbox 864 716 950 788; x_wconf 83' lang='lat' dir='ltr'>ipsos,</span> <span class='ocrx_word' id='word_1_28' title='bbox 979 733 1027 789; x_wconf 79' lang='lat' dir='ltr'>pa·</span> 
     </span>
     <span class='ocr_line' id='line_1_5' title="bbox 149 813 1026 887; baseline 0.003 -16"><span class='ocrx_word' id='word_1_29' title='bbox 149 813 324 872; x_wconf 79' lang='lat' dir='ltr'>‘terentun&#39;</span> <span class='ocrx_word' id='word_1_30' title='bbox 378 816 461 872; x_wconf 84' lang='lat' dir='ltr'>llaec</span> <span class='ocrx_word' id='word_1_31' title='bbox 491 815 522 871; x_wconf 92' lang='lat' dir='ltr'>in</span> <span class='ocrx_word' id='word_1_32' title='bbox 552 815 698 886; x_wconf 89' lang='lat' dir='ltr'>publicum</span> <span class='ocrx_word' id='word_1_33' title='bbox 720 815 883 873; x_wconf 72' lang='lat' dir='ltr'>Ausibariis</span> <span class='ocrx_word' id='word_1_34' title='bbox 911 833 1026 887; x_wconf 85' lang='lat' dir='ltr'>respon·</span> 
     </span>
     <span class='ocr_line' id='line_1_6' title="bbox 150 913 1027 985; baseline 0 -14"><span class='ocrx_word' id='word_1_35' title='bbox 150 913 218 971; x_wconf 87' lang='lat' dir='ltr'>dit:</span> <span class='ocrx_word' id='word_1_36' title='bbox 240 913 295 985; x_wconf 90' lang='lat' dir='ltr'>ipsi</span> <span class='ocrx_word' id='word_1_37' title='bbox 322 913 471 981; x_wconf 81' lang='lat' dir='ltr'>Boiocalo,</span> <span class='ocrx_word' id='word_1_38' title='bbox 502 915 559 969; x_wconf 78' lang='lat' dir='ltr'>‘olr</span> <span class='ocrx_word' id='word_1_39' title='bbox 580 914 749 971; x_wconf 76' lang='lat' dir='ltr'><strong>memoriam</strong></span> <span class='ocrx_word' id='word_1_40' title='bbox 769 913 917 971; x_wconf 76' lang='lat' dir='ltr'>amicitiae</span> <span class='ocrx_word' id='word_1_41' title='bbox 945 915 1027 971; x_wconf 86' lang='lat' dir='ltr'>datu·</span> 
     </span>
    </p>

    <p class='ocr_par' dir='ltr' id='par_1_3' title="bbox 42 1010 1088 3345">
     <span class='ocr_line' id='line_1_7' title="bbox 42 1010 1027 1088; baseline 0.002 -20"><span class='ocrx_word' id='word_1_42' title='bbox 42 1085 53 1088; x_wconf 70' lang='lat'>,</span> <span class='ocrx_word' id='word_1_43' title='bbox 150 1017 238 1068; x_wconf 85' lang='lat' dir='ltr'>‘rum</span> <span class='ocrx_word' id='word_1_44' title='bbox 267 1010 369 1085; x_wconf 66' lang='lat' dir='ltr'>agros?</span> <span class='ocrx_word' id='word_1_45' title='bbox 398 1012 474 1084; x_wconf 88' lang='lat' dir='ltr'>quod</span> <span class='ocrx_word' id='word_1_46' title='bbox 494 1012 554 1072; x_wconf 84' lang='lat' dir='ltr'>ille,</span> <span class='ocrx_word' id='word_1_47' title='bbox 575 1017 606 1067; x_wconf 90' lang='lat' dir='ltr'>ut</span> <span class='ocrx_word' id='word_1_48' title='bbox 637 1012 807 1083; x_wconf 70' lang='lat' dir='ltr'>proditionis</span> <span class='ocrx_word' id='word_1_49' title='bbox 835 1014 958 1086; x_wconf 86' lang='lat' dir='ltr'>pretium</span> <span class='ocrx_word' id='word_1_50' title='bbox 978 1014 1027 1070; x_wconf 88' lang='lat' dir='ltr'>ad-</span> 
     </span>
     <span class='ocr_line' id='line_1_8' title="bbox 152 1110 1027 1185; baseline 0 -16"><span class='ocrx_word' id='word_1_51' title='bbox 152 1116 308 1184; x_wconf 81' lang='lat' dir='ltr'>spernatus</span> <span class='ocrx_word' id='word_1_52' title='bbox 329 1110 460 1167; x_wconf 78' lang='lat' dir='ltr'>addidit:</span> <span class='ocrx_word' id='word_1_53' title='bbox 490 1111 611 1167; x_wconf 83' lang='lat' dir='ltr'>‘deesse</span> <span class='ocrx_word' id='word_1_54' title='bbox 640 1111 724 1166; x_wconf 89' lang='lat' dir='ltr'>nobis</span> <span class='ocrx_word' id='word_1_55' title='bbox 745 1117 830 1176; x_wconf 89' lang='lat' dir='ltr'>terra,</span> <span class='ocrx_word' id='word_1_56' title='bbox 850 1111 881 1167; x_wconf 91' lang='lat' dir='ltr'>in</span> <span class='ocrx_word' id='word_1_57' title='bbox 902 1129 957 1185; x_wconf 88' lang='lat' dir='ltr'>qua</span> <span class='ocrx_word' id='word_1_58' title='bbox 984 1112 1027 1169; x_wconf 85' lang='lat' dir='ltr'>vi·</span> 
     </span>
     <span class='ocr_line' id='line_1_9' title="bbox 150 1206 1027 1282; baseline 0 -17"><span class='ocrx_word' id='word_1_59' title='bbox 150 1215 297 1276; x_wconf 60' lang='lat' dir='ltr'>‘vamum</span> <span class='ocrx_word' id='word_1_60' title='bbox 318 1209 350 1264; x_wconf 88' lang='lat' dir='ltr'>in</span> <span class='ocrx_word' id='word_1_61' title='bbox 370 1224 426 1282; x_wconf 89' lang='lat' dir='ltr'>qua</span> <span class='ocrx_word' id='word_1_62' title='bbox 457 1208 620 1272; x_wconf 75' lang='lat' dir='ltr'>moriamur,</span> <span class='ocrx_word' id='word_1_63' title='bbox 644 1223 702 1263; x_wconf 89' lang='lat' dir='ltr'>non</span> <span class='ocrx_word' id='word_1_64' title='bbox 723 1206 838 1278; x_wconf 64' lang='lat' dir='ltr'>potest?</span> <span class='ocrx_word' id='word_1_65' title='bbox 858 1215 945 1282; x_wconf 85' lang='lat' dir='ltr'>atque</span> <span class='ocrx_word' id='word_1_66' title='bbox 975 1210 1027 1276; x_wconf 78' lang='lat' dir='ltr'>ita,</span> 
     </span>
     <span class='ocr_line' id='line_1_10' title="bbox 152 1305 1027 1379; baseline -0.001 -15"><span class='ocrx_word' id='word_1_67' title='bbox 152 1306 279 1364; x_wconf 83' lang='lat' dir='ltr'>intensis</span> <span class='ocrx_word' id='word_1_68' title='bbox 303 1307 446 1379; x_wconf 88' lang='lat' dir='ltr'>utrimque</span> <span class='ocrx_word' id='word_1_69' title='bbox 477 1305 592 1370; x_wconf 84' lang='lat' dir='ltr'>animis,</span> <span class='ocrx_word' id='word_1_70' title='bbox 612 1305 779 1362; x_wconf 85' lang='lat' dir='ltr'>discessum.</span> <span class='ocrx_word' id='word_1_71' title='bbox 831 1306 880 1362; x_wconf 92' lang='lat' dir='ltr'>llli</span> <span class='ocrx_word' id='word_1_72' title='bbox 908 1306 1027 1363; x_wconf 88' lang='lat' dir='ltr'>Bructe-</span> 
     </span>
     <span class='ocr_line' id='line_1_11' title="bbox 151 1403 1025 1471; baseline 0 -10"><span class='ocrx_word' id='word_1_73' title='bbox 151 1422 214 1469; x_wconf 88' lang='lat' dir='ltr'>ros,</span> <span class='ocrx_word' id='word_1_74' title='bbox 246 1403 422 1471; x_wconf 75' lang='lat' dir='ltr'>Tencteros,</span> <span class='ocrx_word' id='word_1_75' title='bbox 450 1403 602 1460; x_wconf 80' lang='lat' dir='ltr'>ulteriores</span> <span class='ocrx_word' id='word_1_76' title='bbox 630 1403 726 1464; x_wconf 74' lang='lat' dir='ltr'>,etiam</span> <span class='ocrx_word' id='word_1_77' title='bbox 757 1403 900 1467; x_wconf 85' lang='lat' dir='ltr'>nationes,</span> <span class='ocrx_word' id='word_1_78' title='bbox 930 1404 1025 1461; x_wconf 87' lang='lat' dir='ltr'>socias</span> 
     </span>
     <span class='ocr_line' id='line_1_12' title="bbox 150 1502 1025 1574; baseline 0.001 -14"><span class='ocrx_word' id='word_1_79' title='bbox 150 1503 236 1560; x_wconf 87' lang='lat' dir='ltr'>betto</span> <span class='ocrx_word' id='word_1_80' title='bbox 250 1504 407 1559; x_wconf 86' lang='lat' dir='ltr'>vocabant.</span> <span class='ocrx_word' id='word_1_81' title='bbox 450 1503 569 1567; x_wconf 89' lang='lat' dir='ltr'>Avitus,</span> <span class='ocrx_word' id='word_1_82' title='bbox 589 1502 699 1574; x_wconf 89' lang='lat' dir='ltr'>scripto</span> <span class='ocrx_word' id='word_1_83' title='bbox 713 1504 757 1558; x_wconf 74' lang='lat' dir='ltr'>sd</span> <span class='ocrx_word' id='word_1_84' title='bbox 773 1502 927 1559; x_wconf 82' lang='lat' dir='ltr'>Curtilium</span> <span class='ocrx_word' id='word_1_85' title='bbox 943 1504 1025 1561; x_wconf 87' lang='lat' dir='ltr'>Man·</span> 
     </span>
     <span class='ocr_line' id='line_1_13' title="bbox 151 1578 1027 1674; baseline 0 -16"><span class='ocrx_word' id='word_1_86' title='bbox 151 1599 243 1667; x_wconf 84' lang='lat' dir='ltr'>ciam,</span> <span class='ocrx_word' id='word_1_87' title='bbox 277 1600 431 1673; x_wconf 88' lang='lat' dir='ltr'>superioris</span> <span class='ocrx_word' id='word_1_88' title='bbox 464 1578 799 1674; x_wconf 56' lang='lat' dir='ltr'>exereituslregatum,</span> <span class='ocrx_word' id='word_1_89' title='bbox 832 1608 864 1658; x_wconf 82' lang='lat' dir='ltr'>ut</span> <span class='ocrx_word' id='word_1_90' title='bbox 896 1602 1027 1659; x_wconf 73' lang='lat' dir='ltr'>Iliacam</span> 
     </span>
     <span class='ocr_line' id='line_1_14' title="bbox 151 1697 1025 1774; baseline 0.003 -19"><span class='ocrx_word' id='word_1_91' title='bbox 151 1706 364 1774; x_wconf 77' lang='lat' dir='ltr'>transgressae,</span> <span class='ocrx_word' id='word_1_92' title='bbox 385 1715 467 1755; x_wconf 80' lang='lat' dir='ltr'>omno</span> <span class='ocrx_word' id='word_1_93' title='bbox 480 1715 500 1755; x_wconf 86' lang='lat' dir='ltr'>a</span> <span class='ocrx_word' id='word_1_94' title='bbox 518 1705 599 1772; x_wconf 81' lang='lat' dir='ltr'>tergo</span> <span class='ocrx_word' id='word_1_95' title='bbox 612 1697 786 1762; x_wconf 55' lang='lat' dir='ltr'>ostenderem</span> <span class='ocrx_word' id='word_1_96' title='bbox 805 1699 868 1771; x_wconf 87' lang='lat' dir='ltr'>ipse</span> <span class='ocrx_word' id='word_1_97' title='bbox 895 1701 1025 1773; x_wconf 78' lang='lat' dir='ltr'>legiones</span> 
     </span>
     <span class='ocr_line' id='line_1_15' title="bbox 153 1795 1026 1870; baseline 0.002 -17"><span class='ocrx_word' id='word_1_98' title='bbox 153 1797 191 1854; x_wconf 94' lang='lat' dir='ltr'>in</span> <span class='ocrx_word' id='word_1_99' title='bbox 218 1814 317 1870; x_wconf 83' lang='lat' dir='ltr'>agrum</span> <span class='ocrx_word' id='word_1_100' title='bbox 347 1798 528 1855; x_wconf 84' lang='lat' dir='ltr'>Tencterum</span> <span class='ocrx_word' id='word_1_101' title='bbox 559 1796 684 1864; x_wconf 81' lang='lat' dir='ltr'>induxit,</span> <span class='ocrx_word' id='word_1_102' title='bbox 715 1795 850 1853; x_wconf 78' lang='lat' dir='ltr'>excidium</span> <span class='ocrx_word' id='word_1_103' title='bbox 878 1797 1026 1866; x_wconf 89' lang='lat' dir='ltr'>minitans,</span> 
     </span>
     <span class='ocr_line' id='line_1_16' title="bbox 150 1892 1025 1968; baseline 0.005 -18"><span class='ocrx_word' id='word_1_104' title='bbox 150 1892 214 1950; x_wconf 72' lang='lat' dir='ltr'>nisi</span> <span class='ocrx_word' id='word_1_105' title='bbox 233 1911 362 1951; x_wconf 77' lang='lat' dir='ltr'>caussam</span> <span class='ocrx_word' id='word_1_106' title='bbox 388 1911 470 1951; x_wconf 77' lang='lat' dir='ltr'>mom</span> <span class='ocrx_word' id='word_1_107' title='bbox 495 1892 689 1950; x_wconf 69' lang='lat' dir='ltr'>dissonarent.</span> <span class='ocrx_word' id='word_1_108' title='bbox 750 1894 843 1968; x_wconf 84' lang='lat' dir='ltr'>igitur</span> <span class='ocrx_word' id='word_1_109' title='bbox 860 1896 1025 1954; x_wconf 72' lang='lat' dir='ltr'>absistenti-</span> 
     </span>
     <span class='ocr_line' id='line_1_17' title="bbox 153 1992 1025 2065; baseline 0.002 -16"><span class='ocrx_word' id='word_1_110' title='bbox 153 1994 211 2050; x_wconf 87' lang='lat' dir='ltr'>bus</span> <span class='ocrx_word' id='word_1_111' title='bbox 242 1994 297 2059; x_wconf 88' lang='lat' dir='ltr'>iris,</span> <span class='ocrx_word' id='word_1_112' title='bbox 324 1993 386 2065; x_wconf 85' lang='lat' dir='ltr'>pari</span> <span class='ocrx_word' id='word_1_113' title='bbox 414 2000 493 2049; x_wconf 86' lang='lat' dir='ltr'>metu</span> <span class='ocrx_word' id='word_1_114' title='bbox 521 1992 653 2050; x_wconf 71' lang='lat' dir='ltr'>exterriti</span> <span class='ocrx_word' id='word_1_115' title='bbox 683 1993 825 2059; x_wconf 82' lang='lat' dir='ltr'>Bructeri,</span> <span class='ocrx_word' id='word_1_116' title='bbox 859 1999 890 2049; x_wconf 88' lang='lat' dir='ltr'>et</span> <span class='ocrx_word' id='word_1_117' title='bbox 920 1993 1025 2051; x_wconf 88' lang='lat' dir='ltr'>oeteris</span> 
     </span>
     <span class='ocr_line' id='line_1_18' title="bbox 149 2091 1025 2166; baseline 0.001 -19"><span class='ocrx_word' id='word_1_118' title='bbox 149 2108 268 2166; x_wconf 83' lang='lat' dir='ltr'>quoque</span> <span class='ocrx_word' id='word_1_119' title='bbox 288 2091 384 2148; x_wconf 89' lang='lat' dir='ltr'>aliena</span> <span class='ocrx_word' id='word_1_120' title='bbox 405 2091 534 2163; x_wconf 69' lang='lat' dir='ltr'>paericula</span> <span class='ocrx_word' id='word_1_121' title='bbox 561 2091 794 2157; x_wconf 72' lang='lat' dir='ltr'>defendentibus,</span> <span class='ocrx_word' id='word_1_122' title='bbox 815 2092 878 2147; x_wconf 90' lang='lat' dir='ltr'>sota</span> <span class='ocrx_word' id='word_1_123' title='bbox 900 2091 1025 2148; x_wconf 84' lang='lat' dir='ltr'>Ansibs·</span> 
     </span>
     <span class='ocr_line' id='line_1_19' title="bbox 151 2190 1025 2263; baseline -0.001 -16"><span class='ocrx_word' id='word_1_124' title='bbox 151 2190 261 2247; x_wconf 81' lang='lat' dir='ltr'>riorum</span> <span class='ocrx_word' id='word_1_125' title='bbox 281 2207 353 2263; x_wconf 84' lang='lat' dir='ltr'>gens</span> <span class='ocrx_word' id='word_1_126' title='bbox 374 2197 450 2246; x_wconf 91' lang='lat' dir='ltr'>retro</span> <span class='ocrx_word' id='word_1_127' title='bbox 479 2191 516 2246; x_wconf 88' lang='lat' dir='ltr'>ad</span> <span class='ocrx_word' id='word_1_128' title='bbox 537 2190 658 2262; x_wconf 90' lang='lat' dir='ltr'>Vsipios</span> <span class='ocrx_word' id='word_1_129' title='bbox 679 2196 708 2246; x_wconf 89' lang='lat' dir='ltr'>et</span> <span class='ocrx_word' id='word_1_130' title='bbox 730 2190 885 2246; x_wconf 76' lang='lat' dir='ltr'>Tubantes</span> <span class='ocrx_word' id='word_1_131' title='bbox 905 2207 1025 2248; x_wconf 89' lang='lat' dir='ltr'>conces·</span> 
     </span>
     <span class='ocr_line' id='line_1_20' title="bbox 151 2287 1078 2361; baseline 0.002 -16"><span class='ocrx_word' id='word_1_132' title='bbox 151 2288 204 2345; x_wconf 75' lang='lat' dir='ltr'>sit,</span> <span class='ocrx_word' id='word_1_133' title='bbox 225 2304 342 2361; x_wconf 89' lang='lat' dir='ltr'>quorum</span> <span class='ocrx_word' id='word_1_134' title='bbox 367 2287 450 2344; x_wconf 90' lang='lat' dir='ltr'>terris</span> <span class='ocrx_word' id='word_1_135' title='bbox 480 2289 590 2354; x_wconf 74' lang='lat' dir='ltr'>exacti,</span> <span class='ocrx_word' id='word_1_136' title='bbox 618 2305 684 2345; x_wconf 91' lang='lat' dir='ltr'>cum</span> <span class='ocrx_word' id='word_1_137' title='bbox 706 2288 818 2356; x_wconf 87' lang='lat' dir='ltr'>Cattos,</span> <span class='ocrx_word' id='word_1_138' title='bbox 848 2287 917 2345; x_wconf 90' lang='lat' dir='ltr'>dein</span> <span class='ocrx_word' id='word_1_139' title='bbox 948 2289 1024 2345; x_wconf 83' lang='lat' dir='ltr'>Che·</span> <span class='ocrx_word' id='word_1_140' title='bbox 1074 2340 1078 2347; x_wconf 88' lang='lat'><strong>.</strong></span> 
     </span>
     <span class='ocr_line' id='line_1_21' title="bbox 150 2386 1024 2462; baseline 0 -18"><span class='ocrx_word' id='word_1_141' title='bbox 150 2403 254 2445; x_wconf 81' lang='lat' dir='ltr'>russos</span> <span class='ocrx_word' id='word_1_142' title='bbox 276 2386 425 2460; x_wconf 76' lang='lat' dir='ltr'>petissent,</span> <span class='ocrx_word' id='word_1_143' title='bbox 452 2405 547 2444; x_wconf 84' lang='lat' dir='ltr'>errore</span> <span class='ocrx_word' id='word_1_144' title='bbox 567 2391 663 2461; x_wconf 82' lang='lat' dir='ltr'>longo,</span> <span class='ocrx_word' id='word_1_145' title='bbox 686 2389 824 2460; x_wconf 76' lang='lat' dir='ltr'>hospites,</span> <span class='ocrx_word' id='word_1_146' title='bbox 844 2386 940 2462; x_wconf 79' lang='lat' dir='ltr'>egeni,</span> <span class='ocrx_word' id='word_1_147' title='bbox 959 2387 1024 2444; x_wconf 88' lang='lat' dir='ltr'>hos-</span> 
     </span>
     <span class='ocr_line' id='line_1_22' title="bbox 150 2484 1021 2559; baseline -0.002 -17"><span class='ocrx_word' id='word_1_148' title='bbox 150 2489 210 2550; x_wconf 84' lang='lat' dir='ltr'>tes,</span> <span class='ocrx_word' id='word_1_149' title='bbox 239 2484 270 2542; x_wconf 89' lang='lat' dir='ltr'>iu</span> <span class='ocrx_word' id='word_1_150' title='bbox 301 2486 407 2552; x_wconf 89' lang='lat' dir='ltr'>alieno,</span> <span class='ocrx_word' id='word_1_151' title='bbox 437 2487 513 2559; x_wconf 87' lang='lat' dir='ltr'>quod</span> <span class='ocrx_word' id='word_1_152' title='bbox 547 2486 709 2543; x_wconf 88' lang='lat' dir='ltr'>iuventutis</span> <span class='ocrx_word' id='word_1_153' title='bbox 724 2506 726 2509; x_wconf 84' lang='lat'><em>·</em></span> <span class='ocrx_word' id='word_1_154' title='bbox 742 2491 813 2553; x_wconf 83' lang='lat' dir='ltr'>erat,</span> <span class='ocrx_word' id='word_1_155' title='bbox 847 2487 1021 2543; x_wconf 86' lang='lat' dir='ltr'>caeduntur:</span> 
     </span>
     <span class='ocr_line' id='line_1_23' title="bbox 152 2575 1075 2657; baseline -0.004 -17"><span class='ocrx_word' id='word_1_156' title='bbox 152 2584 274 2640; x_wconf 73' lang='lat' dir='ltr'>inbellis</span> <span class='ocrx_word' id='word_1_157' title='bbox 295 2589 375 2639; x_wconf 89' lang='lat' dir='ltr'>aetas</span> <span class='ocrx_word' id='word_1_158' title='bbox 396 2583 426 2640; x_wconf 91' lang='lat' dir='ltr'>in</span> <span class='ocrx_word' id='word_1_159' title='bbox 447 2585 583 2657; x_wconf 88' lang='lat' dir='ltr'>praedam</span> <span class='ocrx_word' id='word_1_160' title='bbox 603 2584 700 2640; x_wconf 87' lang='lat' dir='ltr'>divisa</span> <span class='ocrx_word' id='word_1_161' title='bbox 727 2589 781 2640; x_wconf 84' lang='lat' dir='ltr'>est.</span> <span class='ocrx_word' id='word_1_162' title='bbox 821 2584 948 2641; x_wconf 62' lang='lat' dir='ltr'>,Eadem</span> <span class='ocrx_word' id='word_1_163' title='bbox 977 2575 1075 2641; x_wconf 74' lang='lat' dir='ltr'>ae·5i</span> 
     </span>
     <span class='ocr_line' id='line_1_24' title="bbox 147 2682 1024 2757; baseline -0.001 -17"><span class='ocrx_word' id='word_1_164' title='bbox 147 2686 238 2746; x_wconf 85' lang='lat' dir='ltr'>state,</span> <span class='ocrx_word' id='word_1_165' title='bbox 265 2682 343 2738; x_wconf 85' lang='lat' dir='ltr'>inter</span> <span class='ocrx_word' id='word_1_166' title='bbox 364 2682 580 2739; x_wconf 87' lang='lat' dir='ltr'>Hermunduros</span> <span class='ocrx_word' id='word_1_167' title='bbox 595 2682 754 2757; x_wconf 82' lang='lat' dir='ltr'>Gallosque</span> <span class='ocrx_word' id='word_1_168' title='bbox 780 2688 923 2739; x_wconf 86' lang='lat' dir='ltr'>certatum</span> <span class='ocrx_word' id='word_1_169' title='bbox 946 2700 1024 2757; x_wconf 77' lang='lat' dir='ltr'>mag·</span> 
     </span>
     <span class='ocr_line' id='line_1_25' title="bbox 150 2779 1069 2854; baseline 0 -15"><span class='ocrx_word' id='word_1_170' title='bbox 150 2796 196 2839; x_wconf 87' lang='lat' dir='ltr'>no</span> <span class='ocrx_word' id='word_1_171' title='bbox 216 2780 335 2852; x_wconf 90' lang='lat' dir='ltr'>proelio,</span> <span class='ocrx_word' id='word_1_172' title='bbox 359 2780 426 2836; x_wconf 89' lang='lat' dir='ltr'>dum</span> <span class='ocrx_word' id='word_1_173' title='bbox 453 2779 570 2846; x_wconf 86' lang='lat' dir='ltr'>flumen,</span> <span class='ocrx_word' id='word_1_174' title='bbox 600 2780 749 2854; x_wconf 82' lang='lat' dir='ltr'>gignendo</span> <span class='ocrx_word' id='word_1_175' title='bbox 776 2783 838 2838; x_wconf 85' lang='lat' dir='ltr'>sala</span> <span class='ocrx_word' id='word_1_176' title='bbox 868 2782 1023 2839; x_wconf 81' lang='lat' dir='ltr'>secundum</span> <span class='ocrx_word' id='word_1_177' title='bbox 1067 2786 1069 2791; x_wconf 76' lang='grc'>’</span> 
     </span>
     <span class='ocr_line' id='line_1_26' title="bbox 148 2877 1022 2950; baseline 0.001 -15"><span class='ocrx_word' id='word_1_178' title='bbox 148 2882 185 2936; x_wconf 85' lang='lat' dir='ltr'>ei</span> <span class='ocrx_word' id='word_1_179' title='bbox 204 2877 426 2942; x_wconf 87' lang='lat' dir='ltr'>conterminum,</span> <span class='ocrx_word' id='word_1_180' title='bbox 447 2877 478 2933; x_wconf 88' lang='lat' dir='ltr'>vi</span> <span class='ocrx_word' id='word_1_181' title='bbox 500 2879 738 2950; x_wconf 74' lang='lat' dir='ltr'>trahu1113super</span> <span class='ocrx_word' id='word_1_182' title='bbox 762 2879 1022 2939; x_wconf 74' lang='lat' dir='ltr'>libidinemcuno·</span> 
     </span>
     <span class='ocr_line' id='line_1_27' title="bbox 149 2975 1084 3050; baseline 0 -17"><span class='ocrx_word' id='word_1_183' title='bbox 149 2981 185 3034; x_wconf 87' lang='lat' dir='ltr'>ta</span> <span class='ocrx_word' id='word_1_184' title='bbox 219 2976 306 3031; x_wconf 84' lang='lat' dir='ltr'>anuis</span> <span class='ocrx_word' id='word_1_185' title='bbox 339 2975 454 3048; x_wconf 84' lang='lat' dir='ltr'>agendi,</span> <span class='ocrx_word' id='word_1_186' title='bbox 486 2975 627 3050; x_wconf 83' lang='lat' dir='ltr'>religione</span> <span class='ocrx_word' id='word_1_187' title='bbox 660 2976 758 3041; x_wconf 89' lang='lat' dir='ltr'>insita,</span> <span class='ocrx_word' id='word_1_188' title='bbox 791 2982 860 3032; x_wconf 86' lang='lat' dir='ltr'>‘eos</span> <span class='ocrx_word' id='word_1_189' title='bbox 894 2977 1022 3034; x_wconf 79' lang='lat' dir='ltr'>maxime</span> <span class='ocrx_word' id='word_1_190' title='bbox 1078 2986 1084 2996; x_wconf 84' lang='lat'><em>·</em></span> 
     </span>
     <span class='ocr_line' id='line_1_28' title="bbox 146 3062 1088 3147; baseline 0 -17"><span class='ocrx_word' id='word_1_191' title='bbox 146 3076 255 3135; x_wconf 88' lang='lat' dir='ltr'>‘locos</span> <span class='ocrx_word' id='word_1_192' title='bbox 277 3073 468 3147; x_wconf 83' lang='lat' dir='ltr'>propinquare</span> <span class='ocrx_word' id='word_1_193' title='bbox 497 3076 592 3141; x_wconf 89' lang='lat' dir='ltr'>coelo,</span> <span class='ocrx_word' id='word_1_194' title='bbox 624 3091 779 3146; x_wconf 83' lang='lat' dir='ltr'>precesque</span> <span class='ocrx_word' id='word_1_195' title='bbox 809 3073 972 3130; x_wconf 80' lang='lat' dir='ltr'>mortalium</span> <span class='ocrx_word' id='word_1_196' title='bbox 1002 3090 1022 3130; x_wconf 87' lang='lat' dir='ltr'>a</span> <span class='ocrx_word' id='word_1_197' title='bbox 1086 3062 1088 3066; x_wconf 23' lang='lat'>⁸</span> 
     </span>
     <span class='ocr_line' id='line_1_29' title="bbox 146 3170 1022 3244; baseline 0 -17"><span class='ocrx_word' id='word_1_198' title='bbox 146 3172 250 3227; x_wconf 73' lang='lat' dir='ltr'>‘Deis</span> <span class='ocrx_word' id='word_1_199' title='bbox 282 3188 421 3244; x_wconf 83' lang='lat' dir='ltr'>nusquam</span> <span class='ocrx_word' id='word_1_200' title='bbox 451 3171 567 3244; x_wconf 89' lang='lat' dir='ltr'>propius</span> <span class='ocrx_word' id='word_1_201' title='bbox 602 3171 704 3228; x_wconf 86' lang='lat' dir='ltr'>audiri.</span> <span class='ocrx_word' id='word_1_202' title='bbox 734 3170 813 3236; x_wconf 89' lang='lat' dir='ltr'>inde,</span> <span class='ocrx_word' id='word_1_203' title='bbox 839 3170 1022 3243; x_wconf 79' lang='lat' dir='ltr'>indulgentia</span> 
     </span>
     <span class='ocr_line' id='line_1_30' title="bbox 145 3269 1021 3345; baseline -0.002 -18"><span class='ocrx_word' id='word_1_204' title='bbox 145 3277 158 3305; x_wconf 77' lang='lat'><strong><em>⁴</em></strong></span> <span class='ocrx_word' id='word_1_205' title='bbox 177 3271 345 3339; x_wconf 83' lang='lat' dir='ltr'>Nominum,</span> <span class='ocrx_word' id='word_1_206' title='bbox 368 3271 419 3326; x_wconf 91' lang='lat' dir='ltr'>illo</span> <span class='ocrx_word' id='word_1_207' title='bbox 434 3269 465 3326; x_wconf 90' lang='lat' dir='ltr'>in</span> <span class='ocrx_word' id='word_1_208' title='bbox 489 3287 575 3327; x_wconf 81' lang='lat' dir='ltr'>arnna</span> <span class='ocrx_word' id='word_1_209' title='bbox 598 3270 714 3345; x_wconf 84' lang='lat' dir='ltr'>illisque</span> <span class='ocrx_word' id='word_1_210' title='bbox 733 3269 817 3326; x_wconf 89' lang='lat' dir='ltr'>silvis</span> <span class='ocrx_word' id='word_1_211' title='bbox 843 3271 936 3327; x_wconf 86' lang='lat' dir='ltr'>salem</span> <span class='ocrx_word' id='word_1_212' title='bbox 959 3285 1021 3342; x_wconf 89' lang='lat' dir='ltr'>pro·</span> 
     </span>
    </p>
   </div>
   <div class='ocr_carea' id='block_1_3' title="bbox 181 3421 720 3482">
    <p class='ocr_par' dir='ltr' id='par_1_4' title="bbox 181 3421 720 3482">
     <span class='ocr_line' id='line_1_31' title="bbox 181 3421 720 3482; baseline 0 -13"><span class='ocrx_word' id='word_1_213' title='bbox 181 3421 307 3482; x_wconf 75' lang='lat' dir='ltr'>Placitum]</span> <span class='ocrx_word' id='word_1_214' title='bbox 339 3422 377 3469; x_wconf 84' lang='lat' dir='ltr'>Sic</span> <span class='ocrx_word' id='word_1_215' title='bbox 387 3421 500 3480; x_wconf 74' lang='lat' dir='ltr'>Virgilius.</span> <span class='ocrx_word' id='word_1_216' title='bbox 511 3423 600 3470; x_wconf 79' lang='lat' dir='ltr'>AEnrid.</span> <span class='ocrx_word' id='word_1_217' title='bbox 613 3423 657 3470; x_wconf 87' lang='lat' dir='ltr'>Vl.</span> <span class='ocrx_word' id='word_1_218' title='bbox 670 3425 720 3470; x_wconf 75' lang='lat'>851.</span> 
     </span>
    </p>
   </div>
   <div class='ocr_carea' id='block_1_4' title="bbox 334 3503 960 3681">
    <p class='ocr_par' dir='ltr' id='par_1_5' title="bbox 334 3503 960 3681">
     <span class='ocr_line' id='line_1_32' title="bbox 338 3503 935 3563; baseline -0.002 -15"><span class='ocrx_word' id='word_1_219' title='bbox 338 3503 375 3548; x_wconf 74' lang='lat' dir='ltr'>&#39;l‘u</span> <span class='ocrx_word' id='word_1_220' title='bbox 384 3515 461 3557; x_wconf 73' lang='lat' dir='ltr'>regere</span> <span class='ocrx_word' id='word_1_221' title='bbox 471 3503 565 3562; x_wconf 86' lang='lat' dir='ltr'>imperio</span> <span class='ocrx_word' id='word_1_222' title='bbox 579 3503 682 3563; x_wconf 86' lang='lat' dir='ltr'>populos,</span> <span class='ocrx_word' id='word_1_223' title='bbox 695 3503 802 3554; x_wconf 83' lang='lat' dir='ltr'>Romane.</span> <span class='ocrx_word' id='word_1_224' title='bbox 813 3504 935 3547; x_wconf 75' lang='lat' dir='ltr'>memento:</span> 
     </span>
     <span class='ocr_line' id='line_1_33' title="bbox 334 3560 960 3622; baseline 0.003 -16"><span class='ocrx_word' id='word_1_225' title='bbox 334 3560 386 3606; x_wconf 87' lang='lat' dir='ltr'>Hae</span> <span class='ocrx_word' id='word_1_226' title='bbox 396 3561 436 3606; x_wconf 89' lang='lat' dir='ltr'>tibi</span> <span class='ocrx_word' id='word_1_227' title='bbox 454 3568 518 3606; x_wconf 85' lang='lat' dir='ltr'>erunt</span> <span class='ocrx_word' id='word_1_228' title='bbox 535 3569 594 3611; x_wconf 78' lang='lat' dir='ltr'>artes</span> <span class='ocrx_word' id='word_1_229' title='bbox 605 3578 611 3615; x_wconf 69' lang='grc' dir='ltr'>ς</span> <span class='ocrx_word' id='word_1_230' title='bbox 628 3562 732 3622; x_wconf 82' lang='lat' dir='ltr'>pacisque</span> <span class='ocrx_word' id='word_1_231' title='bbox 741 3561 854 3621; x_wconf 84' lang='lat' dir='ltr'>imponere</span> <span class='ocrx_word' id='word_1_232' title='bbox 863 3575 960 3619; x_wconf 66' lang='lat' dir='ltr'>morem</span> 
     </span>
     <span class='ocr_line' id='line_1_34' title="bbox 335 3618 843 3681; baseline 0.004 -16"><span class='ocrx_word' id='word_1_233' title='bbox 335 3618 430 3666; x_wconf 84' lang='lat' dir='ltr'>Parcere</span> <span class='ocrx_word' id='word_1_234' title='bbox 445 3620 553 3679; x_wconf 79' lang='lat' dir='ltr'>subjectis,</span> <span class='ocrx_word' id='word_1_235' title='bbox 563 3625 589 3668; x_wconf 85' lang='lat' dir='ltr'>et</span> <span class='ocrx_word' id='word_1_236' title='bbox 602 3620 711 3667; x_wconf 85' lang='lat' dir='ltr'>debellari</span> <span class='ocrx_word' id='word_1_237' title='bbox 730 3621 843 3681; x_wconf 83' lang='lat' dir='ltr'>superbos.</span> 
     </span>
    </p>
   </div>
   <div class='ocr_carea' id='block_1_5' title="bbox 0 0 1234 4267">
    <p class='ocr_par' dir='ltr' id='par_1_6' title="bbox 0 0 1234 4267">
     <span class='ocr_line' id='line_1_35' title="bbox 0 0 1234 4267; baseline 0 0"><span class='ocrx_word' id='word_1_238' title='bbox 0 0 1234 4267; x_wconf 95' lang='lat' dir='ltr'> </span> 
     </span>
    </p>
   </div>
  </div>
 </body>
</html>
