2459 4267
79 386 217 436 acra
298 378 368 435 nm.
394 385 457 433 ιιι.
507 366 784 435 canta-16.
886 370 957 435 313

79 558 140 614 spe·
154 539 277 614 perdita,
292 539 489 608 Meherdates,
510 542 651 614 promissa
665 540 828 608 Parrhaois,
844 543 960 615 paterni

79 639 218 706 clientis,
238 647 362 708 secutus,
381 640 530 697 dolosius
551 640 687 710 vincitur,
707 642 884 714 traditurque
899 641 959 698 vio·

82 738 154 796 tori.
199 740 297 814 Atque
318 739 378 806 itte,
398 757 454 796 aaa
470 737 666 816 propinquum,
686 756 770 816 aeqrre
790 736 908 797 Arsacis
927 738 960 796 dr

77 832 181 912 genta,
211 835 262 894 sed
295 835 484 912 alienigenam
518 845 544 894 et
584 839 754 905 Raraunum,
794 839 959 911 increpans,

81 937 206 993 auribus
230 935 339 993 decisis
369 936 471 993 vivere
505 937 594 1005 iubet,
627 938 755 995 ostentui
782 938 958 994 clementiae

81 1025 168 1102 sisae,
195 1039 224 1090 et
252 1034 283 1091 in
312 1052 364 1091 nos
391 1036 664 1093 dehonestamento.
708 1037 787 1095 Dein
815 1037 957 1094 Gotarzes

82 1136 189 1191 morbo
202 1133 285 1199 obiit,
300 1135 467 1208 accitusque
483 1135 513 1191 iu
536 1136 670 1209 Regnum
685 1136 836 1203 Vonones,
851 1135 957 1193 Medos

81 1236 148 1289 tum
170 1232 347 1305 praesidens.
390 1234 479 1289 Nuita
507 1232 575 1289 hnic
600 1251 735 1306 prospera
756 1240 807 1291 aut
825 1235 958 1300 adversa,

82 1333 153 1406 quis
174 1320 386 1388 memoraretur.
401 1330 528 1388 breviat
548 1330 673 1406 inglorio
693 1332 815 1405 imperio
828 1331 959 1404 perfunc-

82 1434 133 1486 tus
148 1436 212 1498 est;
233 1447 333 1504 resque
355 1430 526 1487 Parthorum
546 1430 577 1486 in
598 1429 689 1488 filiurn
710 1432 773 1487 eius
787 1431 957 1504 Vologesen

81 1531 255 1586 translatae.
299 1530 341 1586 At
356 1528 541 1586 Mithridates
563 1529 757 1603 Bosporanus,
770 1531 882 1588 amissis
897 1529 954 1604 opi·
971 1516 1007 1573 ¹5

83 1628 140 1685 hus
157 1645 256 1701 vagus,
278 1636 464 1702 posteaquam
490 1629 620 1694 Didium,
645 1631 760 1689 Ducem
783 1631 956 1697 Romanum,

6 1792 8 1807 ‚
82 1728 229 1810 roburque
256 1726 402 1783 exercitus
435 1725 530 1784 abisse
555 1734 745 1802 cognoverat,
780 1730 896 1786 relictos
923 1729 955 1787 iu

84 1842 169 1883 novo
184 1824 298 1898 Regno,
312 1825 421 1898 Cotyn,
435 1824 557 1882 iuventa
570 1827 680 1895 rudem,
694 1833 723 1883 et
738 1843 844 1899 paucas
855 1828 956 1884 cohor·

85 1922 170 2003 tium,
195 1939 263 1980 cum
290 1923 367 1979 latio
392 1925 510 1998 Aquita,
537 1924 642 1998 Equite
670 1925 824 1981 Romano:
852 1924 955 1997 spretis

84 2021 225 2095 utrisque,
250 2021 368 2078 concire
393 2022 536 2088 nationes,
557 2023 680 2080 iniicere
704 2022 858 2096 perfugas:
884 2039 956 2105 pos·

85 2124 189 2186 tremo,
209 2121 342 2178 exercitu
361 2127 474 2189 coacto,
494 2139 594 2196 regem
607 2121 846 2179 ‘Dandaridarum
860 2126 955 2177 eatur·

83 2219 136 2275 bat
158 2220 340 2294 Imperioque
358 2220 422 2276 eius
444 2221 559 2293 potitur.
602 2221 685 2293 Quae
706 2220 754 2275 ubi
775 2220 902 2293 cognita,
924 2226 955 2277 et

83 2320 145 2377 iam
172 2321 287 2395 iamque
314 2323 475 2396 Bosporum
502 2323 656 2380 invasurus
680 2324 848 2390 habebatur,
867 2323 954 2380 diffisi

83 2420 207 2498 propriis
222 2421 332 2479 viribus
348 2423 457 2497 Aquila
469 2429 500 2480 et
514 2423 617 2497 Cotys,
631 2423 698 2499 quia
713 2423 860 2491 Zorsines,
878 2423 954 2482 Sira·

84 2537 186 2578 corum
216 2505 291 2587 Rex,
319 2521 437 2579 hostilia
462 2530 664 2594 resumpserat,
690 2529 827 2579 externas
846 2527 877 2581 et
896 2523 954 2597 ipsi

84 2619 194 2693 gratias
216 2620 396 2694 quaesivere,
420 2620 515 2679 missis
541 2621 645 2696 tegatis
669 2623 705 2678 ad
729 2622 883 2690 Eunonen,
904 2622 954 2698 qui

85 2719 266 2776 Adorsornm
290 2719 371 2793 genti
395 2721 599 2793 praecellebat.
641 2721 708 2779 Nec
733 2720 954 2780 sustinemus

84 2816 220 2882 societas,
254 2817 416 2889 potentiam
448 2818 611 2876 Romanam
645 2820 784 2879 adversus
814 2821 954 2878 rebellem

85 2913 280 2972 Mithridaten
307 2914 529 2973 ostentantibus.
578 2917 670 2990 Igitur
698 2919 843 2992 pepigere,
862 2935 954 2994 equus·

83 3009 176 3068 tribus
191 3001 309 3088 proeliis
329 3012 459 3070 Eunones
478 3019 616 3071 amaret:
639 3012 748 3071 obsidio
766 3013 878 3072 arbium
897 3016 953 3072 Ro·

83 3108 164 3166 maai
175 3116 354 3187 capesserent.
397 3111 478 3170 Tum
491 3111 653 3184 composito
666 3112 782 3185 agmine
795 3112 951 3171 incedunt:
966 3125 1004 3182 15

83 3190 167 3281 cuius
189 3209 314 3266 frontem
337 3215 368 3266 et
396 3215 477 3285 terga
506 3209 622 3277 Adorei,
644 3210 741 3266 media
767 3210 902 3266 cohortes
922 3216 952 3269 et
1021 3242 1024 3252 ι

78 3305 248 3378 ¹Bosporani
271 3308 446 3376 tutabantur,
460 3307 564 3365 nostris
586 3307 618 3365 in
642 3307 750 3385 armis.
779 3307 830 3364 Sic
855 3310 954 3380 puteus

83 3404 185 3470 hostis,
197 3410 373 3480 ventumque
389 3407 506 3471 Sonam,
519 3405 659 3479 oppidum
673 3405 870 3472 Dandaricae,
878 3408 954 3481 quod

83 3503 229 3561 desertum
256 3521 274 3559 a
309 3492 489 3572 Mithridate,
523 3505 561 3561 oh
591 3503 740 3578 ambiguos
774 3505 955 3578 popularium

84 3601 197 3661 animos
214 3600 351 3671 obtineri,
372 3603 476 3661 relicto
496 3601 537 3658 ibi
559 3586 715 3676 praesidio,
729 3603 834 3663 visum.
873 3603 954 3669 Exin

125 3716 194 3757 rou.
215 3717 238 3756 1.
524 3702 563 3757 27
633 3691 642 3713 ⁶
