2459 4267
293 351 342 420 72
621 367 807 418 annuarum
1023 372 1053 419 a.
1068 370 1099 420 V.
1113 373 1165 421 ruo.

199 601 208 609 ο
292 541 379 601 qaam
401 520 530 592 sociatis,
552 539 633 582 more
657 528 791 593 externo,
816 515 848 582 in
868 523 1086 584 matrimonium
1106 543 1166 600 reg·
1215 601 1216 608 ἵ

260 629 427 700 tuumque.
468 622 550 681 Dein
563 622 642 680 iussu
658 623 785 698 Augusti
808 623 960 698 impositus
976 624 1166 691 Artavasdes,
1215 617 1216 620 ’

291 728 323 783 et
336 740 395 783 uon
419 722 485 781 sine
498 724 583 782 elade
605 728 704 779 nostra
717 713 860 780 deiectus.
902 721 984 780 Tum
998 722 1034 780 O.
1056 721 1163 781 Caesar

290 822 512 896 componendae
528 821 688 881 Armeniae
696 821 843 896 deligitur.
884 821 914 878 Is
926 821 1163 890 Ariobarzanem,

290 920 403 997 origine
431 919 561 991 Medum,
589 922 628 977 ob
655 920 800 994 insignem
831 919 959 1002 eorporis
987 920 1108 978 sormam
1133 923 1164 978 et

290 1020 470 1102 praeclarum
492 1019 632 1087 animum,
647 1020 814 1077 volentibus
838 1018 991 1078 Armeniis
1016 1019 1162 1093 praeleolt
1215 1033 1216 1072 r

292 1117 489 1176 Ariobarzane
514 1122 606 1176 morte
627 1117 747 1176 fortuita
768 1120 932 1192 absumpto,
955 1118 1079 1192 stirpem
1102 1117 1161 1175 eius

288 1216 365 1274 haud
376 1218 556 1274 toleravere:
578 1221 749 1292 tentatoque
763 1218 889 1275 feminae
903 1217 1041 1291 imperio,
1054 1216 1103 1275 oui
1116 1233 1161 1275 no·

288 1333 355 1373 naen
367 1315 467 1384 Erato,
477 1333 569 1389 eaque
579 1316 664 1373 brevi
678 1317 770 1391 pulsa,
783 1316 889 1374 incerti
899 1316 1056 1392 solutique,
1070 1322 1165 1374 elma,

286 1413 404 1489 gissine
415 1415 535 1474 domino
545 1432 632 1490 quam
645 1414 677 1472 in
687 1395 995 1489 libertate,protugum
1006 1417 1161 1474 Vononem
1215 1453 1216 1494 p

281 1512 317 1578 =iu
340 1530 460 1588 regnum
480 1512 640 1586 accipiunt.
686 1514 746 1572 Sed
760 1512 810 1571 ubi
834 1513 964 1571 minitari
987 1516 1160 1592 Artabanus,

286 1615 317 1669 et
331 1628 430 1686 parum
453 1612 605 1670 subsidii
597 1630 628 1670 rn
645 1611 805 1680 Armeniis,
819 1615 878 1680 vel,
902 1612 928 1669 si
942 1618 1043 1670 nostra
1058 1611 1089 1669 vi
1108 1613 1158 1669 de·

283 1710 456 1779 tenderetur,
469 1697 578 1769 bellum
592 1712 732 1769 adversus
746 1712 870 1769 Parthos
885 1712 1060 1769 sumendum
1074 1716 1156 1779 erat·

283 1813 380 1867 reotor
412 1808 528 1883 Syriae,
552 1809 689 1868 Cretione
714 1809 843 1877 Silanus,
867 1808 1002 1868 excitum
1028 1808 1159 1867 eustodia

284 1906 453 1979 circumdat,
481 1914 622 1966 manente
659 1910 731 1967 luxu
758 1913 789 1966 et
815 1909 899 1983 regio
923 1908 1056 1966 nomine.
1085 1907 1161 1984 qnod

285 2006 440 2066 ludibrium
467 2012 499 2065 ut
522 2001 651 2083 effuger'e
678 2007 836 2083 agitaverit
863 2008 1018 2076 Vonones,
1038 2006 1069 2064 in
1095 2009 1160 2064 looo

285 2108 447 2164 reddemus.

252 2206 272 2264 5
325 2206 464 2263 Ueterum
492 2204 616 2262 Tiberio
639 2203 716 2262 haud
740 2204 886 2279 ingratum
907 2204 1029 2273 aoeidit,
1053 2201 1159 2263 turbari

284 2322 330 2361 res
344 2305 492 2374 Orientia3
512 2311 544 2362 ut
554 2323 590 2362 ea
603 2300 703 2379 specie
714 2302 923 2362 Germanicum
934 2305 1027 2362 suetis
1038 2302 1158 2379 legioni·

284 2403 336 2458 boa
351 2405 540 2470 abstraheret,
555 2404 697 2477 novisque
716 2402 876 2476 proviuoiia
897 2404 1069 2476 inpositum,
1092 2404 1157 2462 dolo
1215 2423 1216 2426 ¹

283 2498 367 2557 simul
383 2508 413 2557 et
436 2502 551 2558 essibus
565 2502 736 2559 obiectaret.
780 2502 822 2559 At
844 2501 905 2569 ille,
921 2507 1033 2576 quanto
1047 2502 1158 2560 aoriora
1215 2491 1216 2516 ¹

284 2596 315 2654 iu
339 2614 406 2654 eum
433 2598 535 2655 studia,
557 2598 693 2668 militum,
709 2603 745 2657 et
768 2617 873 2657 aversa
900 2599 995 2673 patrui
1009 2602 1157 2668 voluntas,
1215 2637 1216 2640 =

282 2696 456 2753 celerandae
483 2697 626 2757 victoriae
657 2699 807 2768 intentior,
832 2706 957 2758 tractare
981 2702 1157 2775 proeliorum

236 2829 240 2836 ·
283 2793 358 2862 vias,
381 2800 412 2852 et
436 2812 510 2870 quae
534 2797 591 2855 sibi
615 2801 731 2858 tertium
756 2799 816 2857 iam
838 2815 948 2857 anuum
967 2798 1158 2875 belligeranti

281 2911 395 2952 saeva
388 2896 444 2952 vel
469 2913 606 2970 prospera
627 2900 818 2956 evenissent:
850 2898 968 2957 ‘Fundi
989 2898 1157 2956 Germanos

280 2995 365 3053 ‘acie
386 2994 511 3052 eliustis
535 2996 624 3053 louis.
646 2996 740 3055 iuvari
766 2996 860 3065 silvis,
884 2996 1048 3069 paludibus,
1070 2989 1156 3055 brevi

279 3099 408 3152 ‘aestate
421 3089 460 3152 et
480 3101 661 3168 praematura
685 3096 801 3154 bieme.
823 3113 906 3153 suum
928 3095 1055 3153 militem
1076 3095 1155 3153 haud

278 3194 418 3268 ‘perinde
441 3193 619 3262 vulneribus,
646 3212 731 3270 quam
755 3195 858 3269 spatiis
881 3194 1029 3264 itinerum,
1043 3196 1155 3252 damno

277 3299 437 3352 ‘armorum
451 3293 555 3351 adfici:
576 3294 667 3354 leneas
691 3294 807 3351 Gallias
830 3292 1031 3351 ministrandis
1053 3291 1156 3377 equire

277 3394 416 3468 ‘longum
447 3392 720 3467 impedimentorum
745 3385 865 3467 agmen³
887 3396 1084 3466 opportunum
1113 3391 1152 3449 ad

277 3490 424 3558 ‘insidias
438 3491 655 3550 defensantibus
667 3487 808 3566 iniquum.
824 3495 863 3559 at,
877 3490 903 3548 si
924 3508 1003 3548 mare
1016 3489 1153 3557 intretur,

305 3662 332 3711 0.
349 3662 440 3723 Caesar]
471 3663 517 3713 stt.
528 3637 649 3726 agrippae,
659 3664 683 3713 in
691 3663 977 3726 redituaxillaproriueia
986 3664 1095 3712 mrbu-
1144 3649 1170 3682 s
1215 3697 1216 3700 =
