2459 4267
292 280 342 352 48
540 289 546 296 ’
640 297 827 346 auusmvu
1019 301 1049 347 s„
1064 299 1093 348 v,
1109 303 1161 350 rsa

292 452 462 514 abuentium
480 453 646 522 lunessere3
666 452 743 527 quod
768 452 814 510 illi
843 438 940 520 moris,
952 452 1088 526 quotiens
1102 457 1165 511 astu

292 553 387 628 magis
407 570 493 628 quem
513 570 565 626 per
585 550 769 609 formidinem
783 551 882 609 cessit.
924 551 1036 610 Fuerat
1055 552 1166 609 enimus

293 649 462 716 Chemmis,
493 650 595 707 iuvare
625 648 749 718 Callon
780 649 834 706 sed
860 648 1003 704 extermit
1024 647 1165 715 Caecina,

292 748 351 808 bue
371 748 442 806 illue
454 748 552 805 terens
573 763 679 805 arma:
706 751 739 804 et
769 746 893 814 Marsos,
912 745 1056 822 congredi
1075 762 1164 816 ausos,

292 864 430 921 prospero
450 842 560 920 proelio
579 844 721 903 cohibuit.

242 957 283 1022 57
335 946 440 1018 Neque
474 945 565 1001 multo
594 950 660 1017 post
690 941 781 1017 legsti
807 959 825 1000 a
857 943 984 1016 Segeste
1014 945 1162 1007 venerunt,

293 1044 435 1104 auxilium
454 1050 570 1101 orontes
590 1043 730 1101 adversus
753 1042 813 1099 vim
834 1027 1027 1115 popularium,
1055 1060 1073 1099 a
1101 1041 1160 1116 quis

293 1142 578 1210 nimumsedebutur3
601 1141 744 1199 validiore
765 1142 840 1212 opud
855 1158 906 1196 eos
922 1140 1070 1207 Arminio,
1082 1157 1164 1215 quau·

293 1243 333 1299 do
353 1242 462 1298 bellum
491 1241 641 1297 suadebat.
695 1240 775 1296 Nam
805 1239 943 1305 barbaris,
973 1246 1083 1314 quanto
1103 1239 1161 1313 quis

293 1339 418 1399 audacia
438 1346 594 1412 promptus,
615 1344 698 1396 tauto
729 1336 820 1410 magis
840 1338 922 1405 fidus,
942 1340 1084 1412 rebusque
1108 1353 1162 1393 mo

294 1438 331 1500 tis
347 1438 443 1511 potior
457 1438 586 1494 hebetur.
610 1436 773 1493 Addiderat
789 1438 926 1508 Segestes
947 1438 1054 1510 legatis
1067 1437 1161 1502 filium,

293 1536 412 1596 nomine
428 1535 656 1610 Segimundum:
678 1535 730 1590 sed
745 1533 859 1591 iuvenis
880 1534 1068 1592 oouseientii
1080 1550 1163 1591 euno·

294 1638 417 1694 tabatur.
445 1634 552 1708 quippe
584 1650 673 1700 anno,
706 1650 763 1707 quo
797 1632 975 1690 Germaniae
1005 1635 1160 1700 descivere,

294 1736 429 1793 sacerdos
450 1733 525 1807 apud
550 1735 640 1791 Aram
668 1732 811 1789 Vbiorum
832 1740 956 1800 oreatus,
976 1738 1090 1806 ruperat
1111 1731 1161 1788 vil·

294 1837 349 1900 las,
368 1832 501 1906 prologus
522 1833 558 1888 ad
579 1831 712 1888 rebelles.
754 1830 907 1887 Adductus
921 1836 1020 1888 tamen
1040 1833 1161 1905 inopem

275 1929 470 1990 'elementiae
497 1930 658 1998 Romanae,
686 1927 804 2003 pertulit
824 1928 913 2003 patris
933 1932 1091 1988 mandata:
1116 1931 1160 1985 be

324 2108 415 2161 Quanto
422 2131 451 2141 -
458 2104 561 2166 iubetur]
588 2104 626 2153 Ne
633 2103 689 2164 quis,
699 2102 830 2164 praesertim
840 2103 893 2158 liro,
902 2109 975 2164 putet,
986 2105 1024 2150 bie
1034 2109 1072 2150 aut
1082 2100 1159 2163 aliquid

296 2167 346 2214 vitii
356 2180 411 2220 esse,
422 2170 447 2211 ut
456 2165 574 2223 legendum
584 2163 611 2209 sit
620 2164 748 2221 promtior,
759 2170 798 2207 aut
807 2163 912 2208 omissum
923 2164 1018 2225 aliquid.
1028 2170 1054 2210 ut
1068 2163 1159 2208 addatur

295 2227 373 2283 nugis.
385 2232 473 2272 mutum
483 2233 517 2269 est
527 2238 540 2268 e
549 2222 620 2276 nobis,
636 2236 686 2267 eum
706 2220 836 2274 monuimus,
854 2221 957 2268 ‘tacitum
970 2223 1067 2269 libenter
1076 2221 1158 2266 variam

295 2286 435 2331 orationem:
452 2290 500 2329 tum
509 2289 602 2328 eavemr
618 2280 668 2326 aliis
683 2280 789 2341 exemplis
806 2280 921 2327 similibus.
953 2282 1028 2342 Supra
1041 2297 1061 2327 e.
1078 2284 1114 2327 bi.
1125 2278 1159 2325 ud

295 2346 411 2399 intentior.
422 2349 442 2391 et
452 2344 504 2402 fids
518 2344 627 2389 motione:
644 2343 760 2389 intellectu
768 2357 807 2388 ‘rw
815 2343 894 2400 mugit,
904 2344 964 2403 quod
975 2345 1071 2390 libenter
1080 2342 1160 2389 omittit

294 2412 379 2457 noster,
390 2417 453 2448 more
467 2402 610 2448 Graecorum.
623 2416 675 2448 mox
684 2417 703 2447 r.
719 2402 755 2447 58.
771 2403 824 2461 quia
833 2416 907 2458 pacem
915 2417 981 2462 qsmm
993 2404 1076 2449 Mum
1085 2402 1157 2459 mois·

295 2463 353 2507 bum
369 2475 389 2506 e.
399 2463 428 2507 ot
445 2465 525 2519 quanio
538 2461 639 2516 inopius,
649 2465 708 2506 unu
724 2462 816 2508 muioru.
835 2461 893 2507 Em.
927 2463 951 2507 ln
969 2463 1043 2521 primo
1059 2461 1157 2521 exemplo

294 2521 357 2565 nulla
368 2527 401 2564 est
411 2517 557 2579 comparatio.
590 2519 651 2565 Num
668 2518 814 2579 minimefidu
824 2520 865 2565 luit
881 2520 954 2565 oratio
969 2522 999 2565 cle
1017 2520 1154 2568 Germanico.

294 2577 376 2623 Paullo
385 2581 438 2622 aute
457 2576 588 2634 blaqusmto
603 2591 647 2622 non
658 2578 751 2624 multusu
769 2580 868 2625 differte
879 2577 973 2625 oeuuali
992 2582 1051 2639 quod
1065 2595 1082 2625 s.
1098 2578 1155 2636 quis,

294 2634 380 2680 latente
388 2634 484 2694 quodum
502 2634 659 2693 significatione
677 2637 786 2694 temporis.
818 2637 862 2685 Sed
871 2652 938 2697 quum
954 2644 1043 2698 tempus
1061 2652 1110 2685 mox
1123 2652 1156 2683 ex·

293 2691 401 2754 primatur
410 2692 477 2740 rebus
486 2693 557 2749 mom,
567 2699 658 2740 veretur
669 2694 685 2740 Ι.
697 2695 767 2743 oron.
778 2711 807 2743 ne
822 2696 880 2757 quod
894 2697 931 2742 vel
947 2698 1053 2755 moenium
1067 2694 1157 2742 seriben-

293 2778 346 2824 dum
364 2777 400 2823 sit.
434 2778 458 2824 ln
474 2776 531 2824 Cod.
548 2778 607 2825 enim
625 2793 674 2825 esse
688 2762 740 2840 ἦν,
758 2782 911 2842 oompendium
926 2781 1061 2842 ambiguum,
1075 2793 1155 2841 exque

293 2836 362 2883 etium
372 2851 430 2883 nune
439 2836 514 2898 turpia
523 2837 630 2884 nonnulla
638 2841 718 2890 menda
729 2842 820 2887 haerent
831 2842 853 2886 in
863 2841 910 2887 cic.
923 2841 982 2903 sspp.

322 2916 392 2972 Apud
411 2916 483 2960 Arum
501 2914 620 2977 Vbiorum]
650 2917 764 2979 Frequens
781 2919 845 2966 buius
860 2934 913 2966 arae
928 2921 1019 2967 mentio.
1050 2917 1109 2969 Vidi,
1119 2914 1155 2978 qui

236 3023 239 3031 ff
292 2975 363 3022 vellet
374 2974 472 3021 Bonum
486 2988 543 3020 nune
552 2989 608 3021 esse.
625 2990 668 3033 ego
686 2991 773 3035 vereor,
787 2984 812 3024 ut
828 2977 918 3038 propius
928 2979 1024 3025 abluerit
1033 2979 1061 3025 ab
1076 2976 1154 3045 oppido

293 3035 408 3083 Vbiorum.
439 3032 553 3094 Quidquid
571 3035 638 3080 bodie
653 3035 689 3089 sit,
706 3042 761 3097 puto
769 3037 877 3095 originem
887 3038 909 3082 ei
926 3038 1000 3084 loona
1018 3043 1154 3085 veneratione

292 3092 396 3152 Augurali,
406 3092 441 3138 eui
459 3106 518 3137 novo
533 3094 609 3138 raediti
620 3108 659 3139 aru
669 3093 722 3146 illic.
734 3102 823 3156 recepta
841 3096 979 3149 adulatione,
990 3102 1106 3143 exstructa.
1123 3092 1155 3138 uti

292 3150 451 3210 malugdrmi,
466 3156 490 3197 et
499 3152 528 3198 ed
537 3166 587 3197 eum
606 3153 732 3201 secerdotes
748 3169 774 3200 ex
792 3153 923 3215 primoribus
940 3155 1020 3212 gentis,
1038 3155 1153 3213 interquot

291 3212 328 3258 bic
348 3210 499 3269 §regimundus
530 3209 591 3267 Lips.
624 3210 661 3256 Sic
677 3212 745 3258 etiam
763 3213 881 3260 Cluverius
897 3219 920 3258 et
928 3213 975 3259 ulii.
1007 3213 1113 3260 Nonnulli
1123 3210 1153 3255 iu·

291 3271 363 3327 telligi
380 3273 459 3329 putant
476 3270 579 3325 oppidum
590 3268 700 3316 Vbiorum
715 3286 735 3317 r.
754 3275 790 3318 36.
807 3272 873 3317 hodie
887 3272 1004 3318 Coloniam
1024 3273 1112 3331 Agripp.
1130 3281 1150 3312 v·

291 3328 376 3375 Cellas.
393 3327 421 3375 G.
444 3328 471 3374 Α.
487 3329 516 3374 Τ.
536 3330 552 3374 Ι.
569 3343 591 3389 p.
608 3331 658 3374 245.
679 3331 716 3390 qui
743 3345 788 3375 rem
812 3331 835 3376 iu
854 3331 929 3377 medio
950 3332 1054 3392 relinquit
1093 3328 1149 3375 Em.

291 3386 383 3446 Optime
399 3385 439 3438 illl,
455 3386 491 3446 qui
502 3400 530 3432 ex
538 3388 586 3433 Aru
598 3386 706 3434 Vbiorum
716 3390 811 3435 crevisse
820 3395 899 3450 putant
909 3391 1012 3446 oppidum
1030 3390 1080 3438 Vb..
1090 3388 1150 3432 ritum

290 3445 314 3490 in
333 3445 411 3488 eodem
429 3445 475 3488 lere
492 3445 549 3500 loco,
568 3460 612 3504 quo
627 3448 719 3504 posthae
734 3449 776 3494 luit
789 3449 885 3495 Colonia
906 3450 996 3510 Agripp.
1017 3452 1098 3495 Annus
1112 3456 1151 3502 qu

290 3502 398 3570 &arium
407 3502 435 3546 G.
448 3502 507 3547 haud
517 3503 584 3549 dubie
593 3503 721 3559 designatur
730 3522 751 3554 a.
769 3507 799 3555 V.
810 3511 861 3555 762
872 3522 938 3568 quern
948 3515 1024 3557 secuta
1033 3517 1067 3556 est
1081 3504 1150 3552 clauo

290 3559 398 3616 varum,
408 3563 512 3608 noum
523 3567 549 3609 ut
560 3561 633 3620 uyck.
648 3563 733 3622 scribit,
