2459 4267
264 282 336 354 190
610 297 799 348 sunsmvnr
926 310 931 315 ·
984 295 1121 346 nuru:

260 455 332 516 belli
359 454 464 523 victor,
477 448 601 531 'quanto
626 451 736 515 malum
763 451 841 510 mole
868 448 1038 524 procideret,
1062 451 1121 524 plus

259 554 422 614 formidinis
435 554 468 612 in
481 553 555 611 alios
577 552 805 639 dispergebatur.
819 550 981 609 credebant
993 548 1123 623 plerique,

260 661 376 713 auctam
389 652 582 711 offensionem
605 650 697 724 ipsius
720 648 957 724 intemperantia,
977 647 1122 707 immodica

260 751 409 820 incuntis,
421 758 431 787 ‘
441 768 524 810 suum
537 749 662 808 militem
684 748 716 807 iu
729 747 870 823 obequio
883 747 1050 815 'duravisse
1061 762 1121 805 cum

260 852 380 910 ‘aliiad
404 849 564 908 seditiones
588 848 824 920 prolaberentur:
845 863 942 922 neque
967 860 1120 906 manantem

261 949 406 1009 ‘Tiberio
432 926 593 1022 imperium,
606 945 633 1003 si
654 945 691 1003 iis
714 963 827 1021 quoque
840 945 1006 1019 legionibus
1025 943 1120 1016 cupido

260 1047 409 1106 ‘novandi
422 1042 542 1104 luisset’
582 1044 703 1103 Destrui
717 1062 768 1118 per
791 1045 866 1103 haec
883 1044 1029 1103 fortunam
1049 1058 1122 1101 emm

260 1126 379 1213 card,
406 1145 604 1220 imparemque
631 1148 716 1202 tauto
741 1143 846 1202 merito
871 1144 999 1202 rebatur.
1030 1141 1123 1199 'Nam

260 1243 423 1302 ‘beneficia
436 1260 474 1301 eo
487 1260 577 1318 usque
591 1244 669 1300 laeta
682 1247 757 1311 sunl,
770 1243 839 1300 dum
865 1241 1004 1303 videntur
1017 1239 1123 1299 exsolvi
1207 1290 1208 1311 ,

260 1340 390 1416 ‘posset'
408 1342 458 1401 ubi
480 1344 602 1401 multum
626 1345 815 1405 antevenere,
840 1358 891 1414 pro
915 1340 1011 1414 gretie
1033 1339 1123 1396 odium

211 1440 395 1501 terendum.
448 1439 521 1499 Erat
547 1457 620 1499 uxor
652 1440 728 1498 Silio
761 1440 848 1499 Sosia
881 1440 982 1509 (ialin,
1009 1439 1123 1499 caritate

262 1538 443 1615 Agrippinae
457 1536 555 1597 invisa
569 1539 711 1612 Principi.
754 1540 817 1598 Hos
840 1539 967 1612 corripi,
990 1536 1125 1596 dilstond

261 1648 374 1717 tempus
389 1641 509 1711 Sabino,
530 1632 688 1717 placitumi
709 1642 910 1718 immissusque
934 1643 1033 1701 Varro
1055 1640 1125 1699 con

260 1742 314 1809 sul,
327 1741 385 1815 qui,
393 1747 528 1817 pateruae
551 1738 715 1799 inimicitiae
737 1743 909 1809 obtendens,
929 1742 1008 1799 odiis
1030 1728 1125 1798 Seiani

261 1856 313 1914 per
324 1840 453 1898 dedecus
466 1856 548 1898 suum
562 1824 788 1913 gratilicsbnlur.
809 1846 948 1914 precante
962 1859 1015 1899 reo
1026 1838 1125 1898 drcoem
1213 1826 1214 1839 ¹

263 1948 387 2007 morcon,
404 1935 470 1994 dum
488 1943 636 1995 mascator
654 1936 809 1995 Consulatu
835 1936 933 2005 ubire,
959 1941 1125 1997 adversatur
1178 1924 1185 1965 ³

262 2041 307 2094 est
335 2036 454 2095 Caesar.
488 2034 625 2094 ‘solitum
657 2035 763 2110 quippe
797 2035 1022 2111 magistratibus,
1053 2036 1127 2094 diem

262 2134 405 2208 ‘privatis
431 2133 551 2192 dicere:
581 2150 638 2191 uec
663 2133 880 2208 infringendum
910 2134 1050 2193 Consulis
1076 2135 1127 2201 ius,

138 2302 148 2319 ·
262 2233 362 2290 ‘cuius
381 2233 491 2308 vigiliis
505 2233 654 2299 niteretur,
668 2249 705 2289 ne
719 2233 795 2306 quod
811 2232 949 2305 Respubl.
975 2234 1129 2292 detrimen·
1216 2218 1217 2237 ¹

150 2398 154 2403 Δ
262 2334 343 2388 ‘tum
364 2329 504 2405 caperet?
544 2329 695 2404 Proprium
722 2329 752 2388 id
780 2330 905 2388 'l'iberio
931 2330 996 2399 luit,
1020 2333 1127 2389 scelera

261 2446 354 2502 nuper
367 2434 481 2502 repertu
495 2428 597 2502 priscis
618 2429 716 2487 verbis
735 2430 882 2504 obtegere.
923 2430 1026 2504 Igitur'
1041 2431 1127 2488 multa

262 2518 495 2594 adseveratione,
515 2525 597 2601 quasi
611 2532 661 2584 cut
685 2527 797 2601 iegibus
810 2545 878 2585 cum
893 2529 968 2587 Silio
987 2534 1126 2604 ageretur,

262 2627 311 2681 aut
326 2623 421 2680 Varro
435 2623 556 2692 Consul,
569 2630 621 2684 eut
633 2626 705 2684 illud
721 2626 858 2699 Respubl.
877 2631 963 2697 esset,
988 2632 1127 2702 coguntur

261 2720 381 2788 Patres3
401 2719 508 2778 silente
532 2739 592 2789 reo,
614 2726 674 2792 vel,
698 2724 724 2781 si
748 2725 946 2784 defensionem
969 2728 1128 2800 coeptaret,

259 2836 323 2877 nou
335 2819 513 2887 occultante,
526 2819 608 2878 cuius
629 2822 674 2879 irc
692 2830 878 2896 premeretur.
917 2823 1127 2882 ‘Conscientia

261 2920 351 2978 ‘belli
367 2920 506 2978 Sacrovir
529 2921 579 2979 diu
592 2921 799 2991 dissimulatus,
826 2924 951 2982 victoria
965 2942 1017 2996 per
1036 2920 1127 2981 evari-

262 3020 353 3078 ‘tium
382 3019 507 3088 foedato,
539 3026 570 3078 et
603 3038 677 3080 uxor
712 3020 814 3089 Sosia?
841 3024 1042 3096 urguebantur.
1072 3036 1125 3079 nec

261 3116 349 3173 dubie
358 3117 579 3190 repetundarum
589 3116 759 3175 criminibus
767 3118 945 3176 haerebant:
959 3121 1011 3175 sed
1021 3121 1127 3176 cuncte

262 3215 431 3289 quaestione
446 3215 605 3274 maiestatis
619 3217 759 3284 exercite,
780 3223 811 3274 et
826 3216 916 3274 Silius
935 3217 1126 3275 inminentem

210 3303 252 3362 2⁰
263 3313 480 3371 damnationem
501 3315 665 3374 voluntario
688 3314 746 3371 line
764 3315 931 3389 praevertit.
974 3314 1125 3373 Saevitum

262 3414 361 3469 temen
375 3412 406 3469 iu
429 3413 513 3479 bona,
527 3406 595 3481 uon,
609 3419 641 3470 ut
654 3412 850 3486 stipendiariis
865 3414 1006 3486 pecuniae
1028 3413 1125 3469 redde·

263 3512 370 3577 rentur,
390 3525 508 3584 quorum
529 3524 615 3571 nemo
634 3512 800 3589 repetebat:
831 3513 885 3571 sed
914 3517 946 3571 et
958 3509 1124 3591 liberaliter
1190 3537 1196 3543 “
