<?xml version="1.0" encoding="UTF-8"?>
<!DOCTYPE html PUBLIC "-//W3C//DTD XHTML 1.0 Transitional//EN"
    "http://www.w3.org/TR/xhtml1/DTD/xhtml1-transitional.dtd">
<html xmlns="http://www.w3.org/1999/xhtml" xml:lang="en" lang="en">
 <head>
  <title>
</title>
<meta http-equiv="Content-Type" content="text/html;charset=utf-8" />
  <meta name='ocr-system' content='tesseract 3.04.00' />
  <meta name='ocr-capabilities' content='ocr_page ocr_carea ocr_par ocr_line ocrx_word'/>
</head>
<body>
  <div class='ocr_page' id='page_1' title='image "./ccorneliitaciti02unkngoog_0281.png"; bbox 0 0 2459 4267; ppageno 0'>
   <div class='ocr_carea' id='block_1_1' title="bbox 76 326 945 418">
    <p class='ocr_par' dir='ltr' id='par_1_1' title="bbox 76 326 945 418">
     <span class='ocr_line' id='line_1_1' title="bbox 76 326 945 418; baseline -0.003 -21"><span class='ocrx_word' id='word_1_1' title='bbox 76 348 108 397; x_wconf 76' lang='lat' dir='ltr'>s.</span> <span class='ocrx_word' id='word_1_2' title='bbox 127 347 221 418; x_wconf 80' lang='lat' dir='ltr'>usa</span> <span class='ocrx_word' id='word_1_3' title='bbox 332 345 402 394; x_wconf 81' lang='lat' dir='ltr'>cru.</span> <span class='ocrx_word' id='word_1_4' title='bbox 427 343 475 394; x_wconf 83' lang='lat' dir='ltr'>rr.</span> <span class='ocrx_word' id='word_1_5' title='bbox 526 344 604 393; x_wconf 78' lang='lat' dir='ltr'>car.</span> <span class='ocrx_word' id='word_1_6' title='bbox 632 326 750 395; x_wconf 85' lang='grc'><strong>3.-5.</strong></span> <span class='ocrx_word' id='word_1_7' title='bbox 861 326 945 409; x_wconf 57' lang='grc'>,241</span> 
     </span>
    </p>
   </div>
   <div class='ocr_carea' id='block_1_2' title="bbox 59 501 1013 3543">
    <p class='ocr_par' dir='ltr' id='par_1_2' title="bbox 59 501 1013 3543">
     <span class='ocr_line' id='line_1_2' title="bbox 76 501 949 569; baseline 0 -11"><span class='ocrx_word' id='word_1_8' title='bbox 76 501 170 559; x_wconf 85' lang='lat' dir='ltr'>lacile</span> <span class='ocrx_word' id='word_1_9' title='bbox 184 503 357 561; x_wconf 72' lang='lat' dir='ltr'><strong>toleraturus</strong></span> <span class='ocrx_word' id='word_1_10' title='bbox 376 501 524 568; x_wconf 76' lang='lat' dir='ltr'>exsilium,</span> <span class='ocrx_word' id='word_1_11' title='bbox 537 502 657 563; x_wconf 71' lang='lat' dir='ltr'>delecta</span> <span class='ocrx_word' id='word_1_12' title='bbox 669 503 776 569; x_wconf 88' lang='lat' dir='ltr'>Lesbo,</span> <span class='ocrx_word' id='word_1_13' title='bbox 790 501 949 559; x_wconf 80' lang='lat' dir='ltr'>insulano</span> 
     </span>
     <span class='ocr_line' id='line_1_3' title="bbox 78 600 951 674; baseline -0.001 -17"><span class='ocrx_word' id='word_1_14' title='bbox 78 600 134 658; x_wconf 87' lang='lat' dir='ltr'>bili</span> <span class='ocrx_word' id='word_1_15' title='bbox 149 606 181 658; x_wconf 87' lang='lat' dir='ltr'>et</span> <span class='ocrx_word' id='word_1_16' title='bbox 201 617 335 667; x_wconf 82' lang='lat' dir='ltr'>amaena,</span> <span class='ocrx_word' id='word_1_17' title='bbox 348 600 503 657; x_wconf 74' lang='lat' dir='ltr'>retrahitur</span> <span class='ocrx_word' id='word_1_18' title='bbox 516 600 547 657; x_wconf 94' lang='lat' dir='ltr'>in</span> <span class='ocrx_word' id='word_1_19' title='bbox 558 603 668 667; x_wconf 86' lang='lat' dir='ltr'>urbem,</span> <span class='ocrx_word' id='word_1_20' title='bbox 677 601 892 674; x_wconf 71' lang='lat' dir='ltr'>custoditurque</span> <span class='ocrx_word' id='word_1_21' title='bbox 901 602 951 657; x_wconf 92' lang='lat' dir='ltr'>do-</span> 
     </span>
     <span class='ocr_line' id='line_1_4' title="bbox 78 689 995 774; baseline 0.003 -18"><span class='ocrx_word' id='word_1_22' title='bbox 78 699 179 757; x_wconf 84' lang='lat' dir='ltr'>mibus</span> <span class='ocrx_word' id='word_1_23' title='bbox 194 700 422 774; x_wconf 84' lang='lat' dir='ltr'>magistratuum.</span> <span class='ocrx_word' id='word_1_24' title='bbox 457 698 567 755; x_wconf 86' lang='lat' dir='ltr'>lisdem</span> <span class='ocrx_word' id='word_1_25' title='bbox 581 699 686 757; x_wconf 90' lang='lat' dir='ltr'>litteris</span> <span class='ocrx_word' id='word_1_26' title='bbox 697 700 952 759; x_wconf 80' lang='lat' dir='ltr'>CaesarSextium</span> <span class='ocrx_word' id='word_1_27' title='bbox 993 689 995 693; x_wconf 36' lang='lat'><strong><em>¹</em></strong></span> 
     </span>
     <span class='ocr_line' id='line_1_5' title="bbox 78 796 953 880; baseline 0.003 -25"><span class='ocrx_word' id='word_1_28' title='bbox 78 797 294 880; x_wconf 70' lang='lat' dir='ltr'>Paconianum,</span> <span class='ocrx_word' id='word_1_29' title='bbox 324 796 514 862; x_wconf 78' lang='lat' dir='ltr'>Praetorium,</span> <span class='ocrx_word' id='word_1_30' title='bbox 541 799 673 870; x_wconf 86' lang='lat' dir='ltr'>perculit,</span> <span class='ocrx_word' id='word_1_31' title='bbox 705 816 810 873; x_wconf 88' lang='lat' dir='ltr'>magno</span> <span class='ocrx_word' id='word_1_32' title='bbox 834 800 953 858; x_wconf 85' lang='lat' dir='ltr'>Petrum</span> 
     </span>
     <span class='ocr_line' id='line_1_6' title="bbox 78 896 953 972; baseline 0.001 -18"><span class='ocrx_word' id='word_1_33' title='bbox 78 897 200 972; x_wconf 65' lang='lat' dir='ltr'>gaudio</span> <span class='ocrx_word' id='word_1_34' title='bbox 212 898 362 963; x_wconf 85' lang='lat' dir='ltr'>audacem,</span> <span class='ocrx_word' id='word_1_35' title='bbox 386 896 559 962; x_wconf 76' lang='lat' dir='ltr'>maleaeum,</span> <span class='ocrx_word' id='word_1_36' title='bbox 573 897 702 954; x_wconf 87' lang='lat' dir='ltr'>omnium</span> <span class='ocrx_word' id='word_1_37' title='bbox 721 902 835 955; x_wconf 87' lang='lat' dir='ltr'>secreta</span> <span class='ocrx_word' id='word_1_38' title='bbox 849 898 953 955; x_wconf 85' lang='lat' dir='ltr'>riman-</span> 
     </span>
     <span class='ocr_line' id='line_1_7' title="bbox 78 995 952 1070; baseline -0.001 -16"><span class='ocrx_word' id='word_1_39' title='bbox 78 1000 154 1062; x_wconf 89' lang='lat' dir='ltr'>tem,</span> <span class='ocrx_word' id='word_1_40' title='bbox 168 997 371 1070; x_wconf 86' lang='lat' dir='ltr'>delectumque</span> <span class='ocrx_word' id='word_1_41' title='bbox 391 1010 409 1051; x_wconf 85' lang='lat' dir='ltr'>a</span> <span class='ocrx_word' id='word_1_42' title='bbox 424 995 542 1062; x_wconf 88' lang='lat' dir='ltr'>Seiano,</span> <span class='ocrx_word' id='word_1_43' title='bbox 563 996 646 1052; x_wconf 84' lang='lat' dir='ltr'>cuius</span> <span class='ocrx_word' id='word_1_44' title='bbox 659 1013 715 1070; x_wconf 86' lang='lat' dir='ltr'>ope</span> <span class='ocrx_word' id='word_1_45' title='bbox 727 997 811 1054; x_wconf 89' lang='lat' dir='ltr'>dolus</span> <span class='ocrx_word' id='word_1_46' title='bbox 826 996 862 1054; x_wconf 82' lang='lat' dir='ltr'>O.</span> <span class='ocrx_word' id='word_1_47' title='bbox 878 998 952 1055; x_wconf 76' lang='lat' dir='ltr'>Cae·</span> 
     </span>
     <span class='ocr_line' id='line_1_8' title="bbox 77 1095 953 1169; baseline 0 -17"><span class='ocrx_word' id='word_1_48' title='bbox 77 1095 140 1152; x_wconf 88' lang='lat' dir='ltr'>sari</span> <span class='ocrx_word' id='word_1_49' title='bbox 158 1100 314 1168; x_wconf 87' lang='lat' dir='ltr'>pararetur.</span> <span class='ocrx_word' id='word_1_50' title='bbox 332 1095 410 1168; x_wconf 88' lang='lat' dir='ltr'>quod</span> <span class='ocrx_word' id='word_1_51' title='bbox 431 1102 582 1169; x_wconf 85' lang='lat' dir='ltr'>postquam</span> <span class='ocrx_word' id='word_1_52' title='bbox 598 1096 784 1168; x_wconf 72' lang='lat' dir='ltr'>patefactum,</span> <span class='ocrx_word' id='word_1_53' title='bbox 798 1113 953 1169; x_wconf 88' lang='lat' dir='ltr'>prorupere</span> 
     </span>
     <span class='ocr_line' id='line_1_9' title="bbox 79 1192 953 1279; baseline 0.002 -28"><span class='ocrx_word' id='word_1_54' title='bbox 79 1199 230 1279; x_wconf 80' lang='lat' dir='ltr'>concepta</span> <span class='ocrx_word' id='word_1_55' title='bbox 271 1192 382 1266; x_wconf 83' lang='lat' dir='ltr'>pridem</span> <span class='ocrx_word' id='word_1_56' title='bbox 423 1193 510 1250; x_wconf 88' lang='lat' dir='ltr'>odia:</span> <span class='ocrx_word' id='word_1_57' title='bbox 544 1199 574 1250; x_wconf 87' lang='lat' dir='ltr'>et</span> <span class='ocrx_word' id='word_1_58' title='bbox 607 1210 750 1253; x_wconf 89' lang='lat' dir='ltr'>summum</span> <span class='ocrx_word' id='word_1_59' title='bbox 776 1195 953 1268; x_wconf 86' lang='lat' dir='ltr'>supplicium</span> 
     </span>
     <span class='ocr_line' id='line_1_10' title="bbox 80 1292 986 1366; baseline 0.001 -15"><span class='ocrx_word' id='word_1_60' title='bbox 80 1294 306 1360; x_wconf 84' lang='lat' dir='ltr'>decernebatur,</span> <span class='ocrx_word' id='word_1_61' title='bbox 319 1293 351 1351; x_wconf 90' lang='lat' dir='ltr'>ni</span> <span class='ocrx_word' id='word_1_62' title='bbox 373 1293 517 1366; x_wconf 80' lang='lat' dir='ltr'>protessus</span> <span class='ocrx_word' id='word_1_63' title='bbox 537 1292 679 1351; x_wconf 85' lang='lat' dir='ltr'>indicium</span> <span class='ocrx_word' id='word_1_64' title='bbox 703 1293 783 1349; x_wconf 89' lang='lat' dir='ltr'>toret.</span> <span class='ocrx_word' id='word_1_65' title='bbox 824 1293 869 1350; x_wconf 88' lang='lat' dir='ltr'>Vt</span> <span class='ocrx_word' id='word_1_66' title='bbox 884 1293 986 1352; x_wconf 73' lang='lat' dir='ltr'>verod</span> 
     </span>
     <span class='ocr_line' id='line_1_11' title="bbox 79 1372 955 1466; baseline -0.002 -15"><span class='ocrx_word' id='word_1_67' title='bbox 79 1389 233 1451; x_wconf 80' lang='lat' dir='ltr'>Latinium</span> <span class='ocrx_word' id='word_1_68' title='bbox 258 1372 405 1450; x_wconf 72' lang='lat' dir='ltr'>Latiarem</span> <span class='ocrx_word' id='word_1_69' title='bbox 424 1392 570 1466; x_wconf 88' lang='lat' dir='ltr'>ingressas</span> <span class='ocrx_word' id='word_1_70' title='bbox 584 1397 639 1462; x_wconf 81' lang='lat' dir='ltr'>est,</span> <span class='ocrx_word' id='word_1_71' title='bbox 657 1396 810 1449; x_wconf 85' lang='lat' dir='ltr'>accusator</span> <span class='ocrx_word' id='word_1_72' title='bbox 829 1407 865 1449; x_wconf 87' lang='lat' dir='ltr'>ao</span> <span class='ocrx_word' id='word_1_73' title='bbox 889 1409 955 1449; x_wconf 90' lang='lat' dir='ltr'>reus</span> 
     </span>
     <span class='ocr_line' id='line_1_12' title="bbox 82 1490 955 1565; baseline -0.001 -16"><span class='ocrx_word' id='word_1_74' title='bbox 82 1491 170 1549; x_wconf 87' lang='lat' dir='ltr'>iuxta</span> <span class='ocrx_word' id='word_1_75' title='bbox 197 1490 296 1558; x_wconf 81' lang='lat' dir='ltr'>invisi,</span> <span class='ocrx_word' id='word_1_76' title='bbox 317 1491 510 1565; x_wconf 82' lang='lat' dir='ltr'>gratissimum</span> <span class='ocrx_word' id='word_1_77' title='bbox 534 1493 732 1563; x_wconf 73' lang='lat' dir='ltr'>spectaculum</span> <span class='ocrx_word' id='word_1_78' title='bbox 757 1492 955 1565; x_wconf 73' lang='lat' dir='ltr'>praebebatur.</span> 
     </span>
     <span class='ocr_line' id='line_1_13' title="bbox 82 1589 956 1663; baseline -0.001 -16"><span class='ocrx_word' id='word_1_79' title='bbox 82 1589 223 1657; x_wconf 85' lang='lat' dir='ltr'>Latiaris,</span> <span class='ocrx_word' id='word_1_80' title='bbox 249 1595 281 1646; x_wconf 89' lang='lat' dir='ltr'>ut</span> <span class='ocrx_word' id='word_1_81' title='bbox 301 1591 396 1658; x_wconf 90' lang='lat' dir='ltr'>retuli,</span> <span class='ocrx_word' id='word_1_82' title='bbox 419 1589 590 1663; x_wconf 88' lang='lat' dir='ltr'>praecipuus</span> <span class='ocrx_word' id='word_1_83' title='bbox 610 1589 683 1648; x_wconf 93' lang='lat' dir='ltr'>olim</span> <span class='ocrx_word' id='word_1_84' title='bbox 702 1589 956 1648; x_wconf 86' lang='lat' dir='ltr'>circumveniendi</span> 
     </span>
     <span class='ocr_line' id='line_1_14' title="bbox 83 1687 955 1763; baseline -0.001 -18"><span class='ocrx_word' id='word_1_85' title='bbox 83 1687 165 1745; x_wconf 78' lang='lat' dir='ltr'>Titii</span> <span class='ocrx_word' id='word_1_86' title='bbox 193 1688 306 1746; x_wconf 75' lang='lat' dir='ltr'>Sabini.</span> <span class='ocrx_word' id='word_1_87' title='bbox 331 1695 362 1746; x_wconf 86' lang='lat' dir='ltr'>et</span> <span class='ocrx_word' id='word_1_88' title='bbox 386 1693 456 1746; x_wconf 88' lang='lat' dir='ltr'>tuuc</span> <span class='ocrx_word' id='word_1_89' title='bbox 484 1688 607 1747; x_wconf 89' lang='lat' dir='ltr'>luendae</span> <span class='ocrx_word' id='word_1_90' title='bbox 632 1706 745 1763; x_wconf 75' lang='lat' dir='ltr'>poenae</span> <span class='ocrx_word' id='word_1_91' title='bbox 765 1689 872 1763; x_wconf 89' lang='lat' dir='ltr'>primus</span> <span class='ocrx_word' id='word_1_92' title='bbox 890 1688 955 1747; x_wconf 87' lang='lat' dir='ltr'>luit.</span> 
     </span>
     <span class='ocr_line' id='line_1_15' title="bbox 84 1787 955 1862; baseline 0 -17"><span class='ocrx_word' id='word_1_93' title='bbox 84 1787 256 1862; x_wconf 89' lang='lat' dir='ltr'>Interquae</span> <span class='ocrx_word' id='word_1_94' title='bbox 282 1788 419 1844; x_wconf 85' lang='lat' dir='ltr'>Haterius</span> <span class='ocrx_word' id='word_1_95' title='bbox 436 1787 566 1861; x_wconf 85' lang='lat' dir='ltr'>Agrippa</span> <span class='ocrx_word' id='word_1_96' title='bbox 588 1787 732 1845; x_wconf 76' lang='lat' dir='ltr'>Consules</span> <span class='ocrx_word' id='word_1_97' title='bbox 757 1788 828 1845; x_wconf 90' lang='lat' dir='ltr'>anni</span> <span class='ocrx_word' id='word_1_98' title='bbox 854 1788 955 1862; x_wconf 88' lang='lat' dir='ltr'>prioris</span> 
     </span>
     <span class='ocr_line' id='line_1_16' title="bbox 84 1884 956 1954; baseline 0.001 -12"><span class='ocrx_word' id='word_1_99' title='bbox 84 1884 207 1953; x_wconf 84' lang='lat' dir='ltr'>invasit,</span> <span class='ocrx_word' id='word_1_100' title='bbox 221 1893 298 1954; x_wconf 84' lang='lat' dir='ltr'>‘cur,</span> <span class='ocrx_word' id='word_1_101' title='bbox 312 1892 411 1944; x_wconf 88' lang='lat' dir='ltr'>mutua</span> <span class='ocrx_word' id='word_1_102' title='bbox 434 1886 622 1944; x_wconf 82' lang='lat' dir='ltr'>accusatione</span> <span class='ocrx_word' id='word_1_103' title='bbox 646 1886 771 1954; x_wconf 81' lang='lat' dir='ltr'>intenta,</span> <span class='ocrx_word' id='word_1_104' title='bbox 792 1903 870 1943; x_wconf 88' lang='lat' dir='ltr'>nnnc</span> <span class='ocrx_word' id='word_1_105' title='bbox 889 1887 956 1943; x_wconf 89' lang='lat' dir='ltr'>sile·</span> 
     </span>
     <span class='ocr_line' id='line_1_17' title="bbox 83 1981 957 2057; baseline 0 -16"><span class='ocrx_word' id='word_1_106' title='bbox 83 1981 194 2042; x_wconf 78' lang='lat' dir='ltr'>‘renti</span> <span class='ocrx_word' id='word_1_107' title='bbox 223 1991 331 2042; x_wconf 82' lang='lat' dir='ltr'>metum</span> <span class='ocrx_word' id='word_1_108' title='bbox 353 2002 466 2057; x_wconf 87' lang='lat' dir='ltr'>prorsus</span> <span class='ocrx_word' id='word_1_109' title='bbox 489 1991 520 2042; x_wconf 91' lang='lat' dir='ltr'>et</span> <span class='ocrx_word' id='word_1_110' title='bbox 541 1985 662 2045; x_wconf 84' lang='lat' dir='ltr'>noxiam</span> <span class='ocrx_word' id='word_1_111' title='bbox 683 1984 883 2051; x_wconf 78' lang='lat' dir='ltr'>conscientiae</span> <span class='ocrx_word' id='word_1_112' title='bbox 905 2001 957 2057; x_wconf 89' lang='lat' dir='ltr'>pro</span> 
     </span>
     <span class='ocr_line' id='line_1_18' title="bbox 85 2083 956 2156; baseline -0.001 -15"><span class='ocrx_word' id='word_1_113' title='bbox 85 2083 225 2141; x_wconf 80' lang='lat' dir='ltr'>‘loedere</span> <span class='ocrx_word' id='word_1_114' title='bbox 250 2084 369 2141; x_wconf 80' lang='lat' dir='ltr'>baberi:</span> <span class='ocrx_word' id='word_1_115' title='bbox 403 2089 433 2140; x_wconf 92' lang='lat' dir='ltr'>at</span> <span class='ocrx_word' id='word_1_116' title='bbox 454 2102 513 2142; x_wconf 89' lang='lat' dir='ltr'>non</span> <span class='ocrx_word' id='word_1_117' title='bbox 542 2083 677 2142; x_wconf 90' lang='lat' dir='ltr'>Patribus</span> <span class='ocrx_word' id='word_1_118' title='bbox 704 2084 864 2149; x_wconf 88' lang='lat' dir='ltr'>reticenda,</span> <span class='ocrx_word' id='word_1_119' title='bbox 883 2099 956 2156; x_wconf 84' lang='lat' dir='ltr'>quau</span> 
     </span>
     <span class='ocr_line' id='line_1_19' title="bbox 85 2180 955 2257; baseline -0.005 -17"><span class='ocrx_word' id='word_1_120' title='bbox 85 2181 309 2241; x_wconf 78' lang='lat' dir='ltr'>‘audivissent&#39;</span> <span class='ocrx_word' id='word_1_121' title='bbox 348 2184 488 2257; x_wconf 78' lang='lat' dir='ltr'>Regulus,</span> <span class='ocrx_word' id='word_1_122' title='bbox 508 2190 649 2240; x_wconf 88' lang='lat' dir='ltr'>‘manere</span> <span class='ocrx_word' id='word_1_123' title='bbox 683 2187 797 2254; x_wconf 84' lang='lat' dir='ltr'>tempps</span> <span class='ocrx_word' id='word_1_124' title='bbox 827 2180 955 2251; x_wconf 86' lang='lat' dir='ltr'>ultiouis,</span> 
     </span>
     <span class='ocr_line' id='line_1_20' title="bbox 59 2278 956 2358; baseline -0.008 -16"><span class='ocrx_word' id='word_1_125' title='bbox 59 2316 62 2323; x_wconf 91' lang='lat'>·</span> <span class='ocrx_word' id='word_1_126' title='bbox 85 2290 197 2358; x_wconf 85' lang='lat' dir='ltr'>‘seque</span> <span class='ocrx_word' id='word_1_127' title='bbox 210 2300 309 2340; x_wconf 86' lang='lat' dir='ltr'>coram</span> <span class='ocrx_word' id='word_1_128' title='bbox 333 2283 472 2355; x_wconf 77' lang='lat' dir='ltr'>Principe</span> <span class='ocrx_word' id='word_1_129' title='bbox 492 2278 727 2339; x_wconf 72' lang='lat' dir='ltr'>exsecuturum?</span> <span class='ocrx_word' id='word_1_130' title='bbox 747 2280 830 2347; x_wconf 79' lang='lat' dir='ltr'>Trio,</span> <span class='ocrx_word' id='word_1_131' title='bbox 843 2285 956 2336; x_wconf 86' lang='lat' dir='ltr'>‘aemu-</span> 
     </span>
     <span class='ocr_line' id='line_1_21' title="bbox 86 2378 956 2455; baseline -0.005 -17"><span class='ocrx_word' id='word_1_132' title='bbox 86 2382 247 2439; x_wconf 86' lang='lat' dir='ltr'>‘lationem</span> <span class='ocrx_word' id='word_1_133' title='bbox 260 2381 337 2439; x_wconf 87' lang='lat' dir='ltr'>inter</span> <span class='ocrx_word' id='word_1_134' title='bbox 349 2383 488 2455; x_wconf 87' lang='lat' dir='ltr'>collegas,</span> <span class='ocrx_word' id='word_1_135' title='bbox 501 2386 541 2448; x_wconf 86' lang='lat' dir='ltr'>et,</span> <span class='ocrx_word' id='word_1_136' title='bbox 549 2381 574 2437; x_wconf 90' lang='lat' dir='ltr'>si</span> <span class='ocrx_word' id='word_1_137' title='bbox 586 2397 643 2454; x_wconf 85' lang='lat' dir='ltr'>qua</span> <span class='ocrx_word' id='word_1_138' title='bbox 650 2379 798 2436; x_wconf 83' lang='lat' dir='ltr'>discordes</span> <span class='ocrx_word' id='word_1_139' title='bbox 807 2378 956 2445; x_wconf 88' lang='lat' dir='ltr'>iecissent,</span> 
     </span>
     <span class='ocr_line' id='line_1_22' title="bbox 87 2477 956 2555; baseline -0.005 -17"><span class='ocrx_word' id='word_1_140' title='bbox 87 2480 212 2555; x_wconf 54' lang='lat' dir='ltr'>{melius</span> <span class='ocrx_word' id='word_1_141' title='bbox 239 2478 420 2546; x_wconf 85' lang='lat' dir='ltr'>oblitterarl,&#39;</span> <span class='ocrx_word' id='word_1_142' title='bbox 446 2479 604 2554; x_wconf 87' lang='lat' dir='ltr'>respondit.</span> <span class='ocrx_word' id='word_1_143' title='bbox 656 2479 789 2553; x_wconf 79' lang='lat' dir='ltr'>Vrgente</span> <span class='ocrx_word' id='word_1_144' title='bbox 815 2477 956 2552; x_wconf 84' lang='lat' dir='ltr'>Agrippa,</span> 
     </span>
     <span class='ocr_line' id='line_1_23' title="bbox 89 2578 955 2653; baseline -0.006 -14"><span class='ocrx_word' id='word_1_145' title='bbox 89 2578 267 2653; x_wconf 82' lang='lat' dir='ltr'>Sanquinius</span> <span class='ocrx_word' id='word_1_146' title='bbox 290 2578 449 2645; x_wconf 82' lang='lat' dir='ltr'>Maximus,</span> <span class='ocrx_word' id='word_1_147' title='bbox 469 2596 487 2635; x_wconf 90' lang='lat' dir='ltr'>e</span> <span class='ocrx_word' id='word_1_148' title='bbox 508 2578 725 2645; x_wconf 74' lang='lat' dir='ltr'>consularibus,</span> <span class='ocrx_word' id='word_1_149' title='bbox 748 2578 845 2636; x_wconf 83' lang='lat' dir='ltr'>oravit</span> <span class='ocrx_word' id='word_1_150' title='bbox 864 2578 955 2635; x_wconf 83' lang='lat' dir='ltr'>Sena·</span> 
     </span>
     <span class='ocr_line' id='line_1_24' title="bbox 87 2675 957 2753; baseline -0.001 -16"><span class='ocrx_word' id='word_1_151' title='bbox 87 2683 160 2745; x_wconf 91' lang='lat' dir='ltr'>tum,</span> <span class='ocrx_word' id='word_1_152' title='bbox 175 2684 326 2734; x_wconf 86' lang='lat' dir='ltr'>‘necuras</span> <span class='ocrx_word' id='word_1_153' title='bbox 340 2676 525 2751; x_wconf 83' lang='lat' dir='ltr'>Imperatoris</span> <span class='ocrx_word' id='word_1_154' title='bbox 548 2676 719 2752; x_wconf 81' lang='lat' dir='ltr'>conquisitis</span> <span class='ocrx_word' id='word_1_155' title='bbox 742 2675 859 2753; x_wconf 87' lang='lat' dir='ltr'>insuper</span> <span class='ocrx_word' id='word_1_156' title='bbox 878 2696 957 2738; x_wconf 88' lang='lat' dir='ltr'>soer-</span> 
     </span>
     <span class='ocr_line' id='line_1_25' title="bbox 88 2775 957 2850; baseline 0.001 -16"><span class='ocrx_word' id='word_1_157' title='bbox 88 2775 253 2834; x_wconf 72' lang='lat' dir='ltr'>‘sitatibus</span> <span class='ocrx_word' id='word_1_158' title='bbox 278 2781 440 2850; x_wconf 81' lang='lat' dir='ltr'>augerent:</span> <span class='ocrx_word' id='word_1_159' title='bbox 458 2777 591 2833; x_wconf 86' lang='lat' dir='ltr'>sufficere</span> <span class='ocrx_word' id='word_1_160' title='bbox 614 2776 709 2850; x_wconf 89' lang='lat' dir='ltr'>ipsum</span> <span class='ocrx_word' id='word_1_161' title='bbox 731 2778 892 2835; x_wconf 87' lang='lat' dir='ltr'>statuendis</span> <span class='ocrx_word' id='word_1_162' title='bbox 914 2797 957 2835; x_wconf 91' lang='lat' dir='ltr'>re·</span> 
     </span>
     <span class='ocr_line' id='line_1_26' title="bbox 89 2872 956 2946; baseline 0.002 -14"><span class='ocrx_word' id='word_1_163' title='bbox 89 2872 233 2932; x_wconf 78' lang='lat' dir='ltr'>‘madiis’</span> <span class='ocrx_word' id='word_1_164' title='bbox 250 2873 294 2932; x_wconf 86' lang='lat' dir='ltr'>sie</span> <span class='ocrx_word' id='word_1_165' title='bbox 322 2875 437 2946; x_wconf 84' lang='lat' dir='ltr'>Regulo</span> <span class='ocrx_word' id='word_1_166' title='bbox 458 2877 545 2942; x_wconf 88' lang='lat' dir='ltr'>salus,</span> <span class='ocrx_word' id='word_1_167' title='bbox 558 2881 589 2933; x_wconf 91' lang='lat' dir='ltr'>et</span> <span class='ocrx_word' id='word_1_168' title='bbox 614 2874 721 2934; x_wconf 77' lang='lat' dir='ltr'>Trioni</span> <span class='ocrx_word' id='word_1_169' title='bbox 742 2876 846 2934; x_wconf 87' lang='lat' dir='ltr'>dilatio</span> <span class='ocrx_word' id='word_1_170' title='bbox 869 2875 956 2934; x_wconf 81' lang='lat' dir='ltr'>exitii</span> 
     </span>
     <span class='ocr_line' id='line_1_27' title="bbox 89 2970 958 3048; baseline 0 -18"><span class='ocrx_word' id='word_1_171' title='bbox 89 2970 231 3048; x_wconf 85' lang='lat' dir='ltr'>quaesita.</span> <span class='ocrx_word' id='word_1_172' title='bbox 272 2972 412 3030; x_wconf 85' lang='lat' dir='ltr'>Haterius</span> <span class='ocrx_word' id='word_1_173' title='bbox 436 2972 559 3030; x_wconf 86' lang='lat' dir='ltr'>invisior</span> <span class='ocrx_word' id='word_1_174' title='bbox 592 2972 655 3040; x_wconf 85' lang='lat' dir='ltr'>luit,</span> <span class='ocrx_word' id='word_1_175' title='bbox 678 2973 746 3048; x_wconf 88' lang='lat' dir='ltr'>quia</span> <span class='ocrx_word' id='word_1_176' title='bbox 772 2990 875 3030; x_wconf 86' lang='lat' dir='ltr'>somno</span> <span class='ocrx_word' id='word_1_177' title='bbox 906 2976 958 3030; x_wconf 88' lang='lat' dir='ltr'>aut</span> 
     </span>
     <span class='ocr_line' id='line_1_28' title="bbox 88 3069 958 3146; baseline -0.003 -17"><span class='ocrx_word' id='word_1_178' title='bbox 88 3070 253 3129; x_wconf 83' lang='lat' dir='ltr'>libidinosis</span> <span class='ocrx_word' id='word_1_179' title='bbox 268 3070 379 3146; x_wconf 82' lang='lat' dir='ltr'>vigiliis</span> <span class='ocrx_word' id='word_1_180' title='bbox 393 3072 544 3141; x_wconf 88' lang='lat' dir='ltr'>marcidas,</span> <span class='ocrx_word' id='word_1_181' title='bbox 557 3077 587 3129; x_wconf 85' lang='lat' dir='ltr'>et</span> <span class='ocrx_word' id='word_1_182' title='bbox 597 3073 635 3128; x_wconf 95' lang='lat' dir='ltr'>ob</span> <span class='ocrx_word' id='word_1_183' title='bbox 649 3069 814 3145; x_wconf 80' lang='lat' dir='ltr'>segnitiam,</span> <span class='ocrx_word' id='word_1_184' title='bbox 823 3069 958 3142; x_wconf 87' lang='lat' dir='ltr'>quamvis</span> 
     </span>
     <span class='ocr_line' id='line_1_29' title="bbox 90 3165 959 3243; baseline -0.005 -15"><span class='ocrx_word' id='word_1_185' title='bbox 90 3170 240 3228; x_wconf 78' lang='lat' dir='ltr'>crudelem</span> <span class='ocrx_word' id='word_1_186' title='bbox 281 3169 456 3243; x_wconf 83' lang='lat' dir='ltr'>Principem,</span> <span class='ocrx_word' id='word_1_187' title='bbox 503 3187 563 3228; x_wconf 92' lang='lat' dir='ltr'>non</span> <span class='ocrx_word' id='word_1_188' title='bbox 609 3175 752 3234; x_wconf 86' lang='lat' dir='ltr'>metuens,</span> <span class='ocrx_word' id='word_1_189' title='bbox 790 3165 959 3225; x_wconf 88' lang='lat' dir='ltr'>inlustribus</span> 
     </span>
     <span class='ocr_line' id='line_1_30' title="bbox 89 3264 958 3343; baseline -0.009 -16"><span class='ocrx_word' id='word_1_190' title='bbox 89 3268 163 3327; x_wconf 84' lang='lat' dir='ltr'>viris</span> <span class='ocrx_word' id='word_1_191' title='bbox 182 3269 354 3343; x_wconf 87' lang='lat' dir='ltr'>perniciem,</span> <span class='ocrx_word' id='word_1_192' title='bbox 374 3269 451 3328; x_wconf 90' lang='lat' dir='ltr'>inter</span> <span class='ocrx_word' id='word_1_193' title='bbox 470 3285 595 3343; x_wconf 85' lang='lat' dir='ltr'>ganeam</span> <span class='ocrx_word' id='word_1_194' title='bbox 615 3284 652 3326; x_wconf 89' lang='lat' dir='ltr'>ac</span> <span class='ocrx_word' id='word_1_195' title='bbox 674 3271 781 3338; x_wconf 88' lang='lat' dir='ltr'>stupra,</span> <span class='ocrx_word' id='word_1_196' title='bbox 802 3264 958 3322; x_wconf 89' lang='lat' dir='ltr'>meditaba-</span> 
     </span>
     <span class='ocr_line' id='line_1_31' title="bbox 91 3362 1013 3436; baseline -0.005 -10"><span class='ocrx_word' id='word_1_197' title='bbox 91 3372 146 3426; x_wconf 89' lang='lat' dir='ltr'>tur.</span> <span class='ocrx_word' id='word_1_198' title='bbox 188 3368 269 3428; x_wconf 76' lang='lat' dir='ltr'>Exiu</span> <span class='ocrx_word' id='word_1_199' title='bbox 297 3369 386 3427; x_wconf 80' lang='lat' dir='ltr'>Cotta</span> <span class='ocrx_word' id='word_1_200' title='bbox 414 3367 612 3435; x_wconf 86' lang='lat' dir='ltr'>Messallinus,</span> <span class='ocrx_word' id='word_1_201' title='bbox 638 3364 830 3424; x_wconf 89' lang='lat' dir='ltr'>saevissimae</span> <span class='ocrx_word' id='word_1_202' title='bbox 865 3362 1013 3436; x_wconf 66' lang='lat' dir='ltr'>ouius-5¹</span> 
     </span>
     <span class='ocr_line' id='line_1_32' title="bbox 91 3460 959 3543; baseline -0.001 -19"><span class='ocrx_word' id='word_1_203' title='bbox 91 3480 148 3542; x_wconf 69' lang='lat' dir='ltr'>que</span> <span class='ocrx_word' id='word_1_204' title='bbox 162 3467 327 3526; x_wconf 85' lang='lat' dir='ltr'>sententiae</span> <span class='ocrx_word' id='word_1_205' title='bbox 350 3474 458 3537; x_wconf 90' lang='lat' dir='ltr'>auctor,</span> <span class='ocrx_word' id='word_1_206' title='bbox 479 3483 572 3543; x_wconf 85' lang='lat' dir='ltr'>eoque</span> <span class='ocrx_word' id='word_1_207' title='bbox 584 3465 751 3525; x_wconf 85' lang='lat' dir='ltr'>inveterata</span> <span class='ocrx_word' id='word_1_208' title='bbox 769 3460 895 3534; x_wconf 86' lang='lat' dir='ltr'>invidia,</span> <span class='ocrx_word' id='word_1_209' title='bbox 909 3464 959 3524; x_wconf 89' lang='lat' dir='ltr'>ubi</span> 
     </span>
    </p>
   </div>
   <div class='ocr_carea' id='block_1_3' title="bbox 124 3608 601 3752">
    <p class='ocr_par' dir='ltr' id='par_1_3' title="bbox 124 3608 601 3752">
     <span class='ocr_line' id='line_1_33' title="bbox 124 3608 496 3675; baseline -0.003 -15"><span class='ocrx_word' id='word_1_210' title='bbox 124 3608 240 3669; x_wconf 76' lang='lat' dir='ltr'>ingressus</span> <span class='ocrx_word' id='word_1_211' title='bbox 249 3613 288 3675; x_wconf 79' lang='lat' dir='ltr'>cst]</span> <span class='ocrx_word' id='word_1_212' title='bbox 318 3611 496 3673; x_wconf 77' lang='lat' dir='ltr'>Prooggrcssus.</span> 
     </span>
     <span class='ocr_line' id='line_1_34' title="bbox 137 3697 601 3752; baseline 0.004 -3"><span class='ocrx_word' id='word_1_213' title='bbox 137 3711 206 3752; x_wconf 81' lang='lat' dir='ltr'>von.</span> <span class='ocrx_word' id='word_1_214' title='bbox 229 3714 250 3752; x_wconf 87' lang='lat'>1.</span> <span class='ocrx_word' id='word_1_215' title='bbox 566 3697 601 3751; x_wconf 83' lang='lat'>21</span> 
     </span>
    </p>
   </div>
   <div class='ocr_carea' id='block_1_4' title="bbox 0 0 1248 4267">
    <p class='ocr_par' dir='ltr' id='par_1_4' title="bbox 0 0 1248 4267">
     <span class='ocr_line' id='line_1_35' title="bbox 0 0 1248 4267; baseline 0 0"><span class='ocrx_word' id='word_1_216' title='bbox 0 0 1248 4267; x_wconf 95' lang='lat' dir='ltr'> </span> 
     </span>
    </p>
   </div>
  </div>
 </body>
</html>
