2459 4267
108 368 238 418 ann.
346 368 415 416 ara.
441 368 489 416 ιι.
540 352 619 417 aar.
642 342 766 416 7.-9.
909 343 978 415 281

106 523 187 589 dnm,
202 522 341 596 usquead
357 523 433 579 dena
452 522 596 590 sestertia,
617 540 702 598 quem
717 521 825 596 egressi
850 526 982 596 repetun-

107 621 211 678 darum
226 626 400 678 tenerentur.
691 601 693 605 ’
711 616 713 621 ’

151 721 213 776 Sub
225 718 303 776 idem
330 725 442 791 tempus
468 718 665 788 Mithridates,
689 737 775 794 quern
799 719 1013 793 imperiumn

110 818 272 885 Armeniis,
307 824 337 874 et
371 819 408 874 ad
442 819 636 891 praesentiam
671 819 806 877 Caesaris
843 824 981 877 vocatum

109 917 280 984 memoravi,
301 921 440 973 monente
464 916 598 985 Claudio,
622 917 653 974 iu
669 916 804 992 Regnum
828 918 981 984 remeavit,

108 1018 179 1075 lisus
203 1017 407 1074 Pharasmanis
431 1018 544 1089 opibus.
586 1016 616 1073 ls
638 1016 705 1074 Rex
721 1018 823 1085 lberis,
843 1017 981 1092 idemque

109 1114 290 1174 Mithridatis
323 1115 419 1182 irater,
451 1116 613 1182 nuntiabat,
644 1113 803 1173 discordare
836 1113 981 1173 Parthos:

106 1228 270 1290 summaque
282 1210 397 1290 irnperii
416 1211 560 1288 orabigrtu.
580 1209 692 1269 wisora
715 1212 776 1271 sine
788 1230 859 1271 asro
872 1212 979 1271 baben.

38 1298 54 1323 '
107 1310 188 1384 Nam
221 1313 298 1369 inter
331 1312 466 1371 Gotarzis
502 1313 638 1386 pleraque
666 1329 755 1369 saeva
782 1309 846 1388 (qui
875 1296 979 1370 neoda

107 1408 188 1469 iratri
214 1413 366 1469 Artabano
392 1409 568 1484 coniugique
597 1428 632 1468 ac
656 1408 718 1468 tilio
742 1411 805 1468 eius
830 1380 1034 1485 praepara-x

107 1514 201 1576 verat,
222 1511 299 1567 unde
313 1517 406 1567 metus
420 1511 482 1567 eius
505 1509 537 1566 in
560 1507 687 1588 ceteros)
711 1511 848 1568 accivere
870 1510 978 1568 Barda·

106 1627 176 1666 nen.
227 1611 293 1676 llle,
321 1612 361 1667 utv
379 1614 442 1668 erat
470 1608 582 1684 magnis
609 1610 686 1666 ausis
709 1615 864 1684 promptus,
889 1609 979 1668 biduo

106 1708 164 1765 tria
176 1707 269 1765 millia
292 1708 450 1765 stadiorum
471 1707 597 1771 inuadit,
622 1696 810 1783 ignaramque
832 1715 862 1765 et
883 1715 978 1767 exter·

107 1806 195 1863 ritum
217 1804 363 1864 Gotarzen
397 1809 561 1880 proturbat:
594 1825 689 1881 neque
715 1814 878 1873 cunctatur,
907 1807 978 1882 quin

107 1906 256 1980 proximas
282 1905 483 1964 Praetenturas
513 1906 660 1978 corripiat,
690 1905 760 1962 solis
792 1906 977 1963 Seleucensi-

106 2006 161 2062 bus
183 2004 412 2062 dominationem
438 2006 500 2061 eius
522 2005 724 2062 abnuentibus.
780 2003 815 2060 lu
840 2021 920 2077 quos,
944 2008 977 2061 ut

106 2104 265 2178 patrissui
291 2121 403 2179 quoque
429 2104 603 2169 detentores,
628 2104 671 2161 ira
697 2104 801 2177 magis,
828 2120 912 2177 quam
937 2120 977 2160 ex

105 2222 159 2261 usu
185 2203 339 2277 praesenti,
368 2220 520 2269 accensus,
545 2203 702 2276 inplicatur
723 2202 875 2260 obsidione
899 2202 978 2259 urbis

106 2301 234 2369 validae,
254 2306 284 2358 et
308 2302 497 2360 munimentis
517 2303 627 2359 obiecti
649 2303 752 2368 amnis,
779 2318 924 2374 muroque,
946 2304 977 2358 el

106 2400 316 2459 commeatibus
342 2394 482 2459 firmatae.
544 2400 666 2459 Interim
693 2398 844 2467 Gotarzes,
879 2396 977 2456 Daha-

105 2514 168 2557 rum
203 2498 464 2575 Hyrcanorumque
491 2499 593 2574 opibus
620 2506 738 2571 auctus,
762 2499 870 2556 bellum
896 2514 976 2556 reno·

105 2605 176 2656 iat:
198 2605 373 2674 coactusque
388 2599 539 2656 Bardones
552 2596 687 2681 omittere
703 2600 878 2667 Seleuciam,
900 2599 977 2657 Bac-

105 2697 217 2755 trianos
244 2698 320 2771 apud
348 2706 468 2770 campos
495 2703 590 2755 castra
617 2698 751 2756 contulit.
806 2698 895 2758 'l'uno
919 2699 1008 2759 dis-u

103 2795 207 2855 tractis
239 2795 369 2853 Orientis
403 2796 522 2863 viribus,
556 2802 596 2865 et,
629 2814 754 2873 quonam
788 2798 974 2865 inclinarent,

99 2892 236 2963 incertis,
256 2913 341 2952 casus
357 2892 528 2952 Mithridati
548 2897 631 2952 datus
659 2901 704 2952 est
731 2898 895 2968 occupandi
921 2898 975 2953 Ar-

105 2995 244 3061 meniam,
267 2994 298 3050 vi
320 2992 422 3051 militis
444 2993 570 3051 Romani
591 2995 628 3050 ad
650 2990 816 3051 exiidenda
842 2992 976 3052 castello·

132 3167 325 3230 nasum]
356 3166 660 3216 ammanuensium
671 3168 735 3214 rata.

134 3247 270 3307 um]
302 3247 503 3300 amaminor.
514 3243 839 3309 mauriannensem.

135 3326 196 3373 Tris
205 3326 298 3387 milliaJ·
321 3327 363 3374 uu
373 3327 449 3386 ingeni
464 3342 539 3373 sursus
553 3326 577 3372 ia
591 3324 675 3371 biduot
692 3325 730 3371 sed
743 3328 820 3371 noctes
837 3319 904 3367 etiam
916 3319 977 3386 'Jffl'd

105 3385 173 3431 dubie
191 3392 325 3445 assumptae.
367 3385 464 3432 Faciunt
484 3390 580 3430 trisemo
598 3383 736 3441 septinginta
753 3386 851 3443 quinque
870 3378 978 3426 milliaria

106 3445 216 3492 uomina
233 3443 336 3491 attidem
350 3459 432 3500 emros,
442 3457 508 3514 quem
524 3442 621 3490 Annibal
638 3442 740 3496 eooieeit,
755 3440 881 3507 aScipione
890 3436 978 3486 victua:

106 3511 129 3549 et
139 3504 191 3565 side
202 3517 245 3558 me,
256 3503 274 3548 si
286 3504 355 3558 voles,
366 3503 473 3550 Cerrturra
483 3502 555 3562 Epist.
568 3503 598 3547 ad
610 3502 686 3557 ltnlos,
697 3502 762 3564 epist.
773 3505 810 3550 59.
843 3496 904 3553 ΒΨ·

131 3566 400 3644 'immaniorum
432 3576 697 3630 raucaemruaerm.

146 3680 218 3721 von.
239 3681 261 3721 s.
539 3665 578 3720 24
589 3660 608 3688 ¹⁴
