<?xml version="1.0" encoding="UTF-8"?>
<!DOCTYPE html PUBLIC "-//W3C//DTD XHTML 1.0 Transitional//EN"
    "http://www.w3.org/TR/xhtml1/DTD/xhtml1-transitional.dtd">
<html xmlns="http://www.w3.org/1999/xhtml" xml:lang="en" lang="en">
 <head>
  <title>
</title>
<meta http-equiv="Content-Type" content="text/html;charset=utf-8" />
  <meta name='ocr-system' content='tesseract 3.04.00' />
  <meta name='ocr-capabilities' content='ocr_page ocr_carea ocr_par ocr_line ocrx_word'/>
</head>
<body>
  <div class='ocr_page' id='page_1' title='image "./ccorneliitaciti02unkngoog_0423.png"; bbox 0 0 2459 4267; ppageno 0'>
   <div class='ocr_carea' id='block_1_1' title="bbox 105 297 996 379">
    <p class='ocr_par' dir='ltr' id='par_1_1' title="bbox 105 297 996 379">
     <span class='ocr_line' id='line_1_1' title="bbox 105 297 996 379; baseline 0.007 -8"><span class='ocrx_word' id='word_1_1' title='bbox 105 321 246 371; x_wconf 60' lang='lat' dir='ltr'>nuss.</span> <span class='ocrx_word' id='word_1_2' title='bbox 329 318 399 368; x_wconf 78' lang='lat' dir='ltr'>ura.</span> <span class='ocrx_word' id='word_1_3' title='bbox 428 321 513 369; x_wconf 88' lang='lat' dir='ltr'>xur.</span> <span class='ocrx_word' id='word_1_4' title='bbox 563 297 643 371; x_wconf 67' lang='lat' dir='ltr'>oar}</span> <span class='ocrx_word' id='word_1_5' title='bbox 670 306 728 372; x_wconf 84' lang='grc'>43.</span> <span class='ocrx_word' id='word_1_6' title='bbox 747 307 807 374; x_wconf 86' lang='grc'>44.</span> <span class='ocrx_word' id='word_1_7' title='bbox 923 305 996 379; x_wconf 85' lang='grc'>383</span> 
     </span>
    </p>
   </div>
   <div class='ocr_carea' id='block_1_2' title="bbox 81 474 1046 3509">
    <p class='ocr_par' dir='ltr' id='par_1_2' title="bbox 81 474 1046 3509">
     <span class='ocr_line' id='line_1_2' title="bbox 112 474 995 549; baseline 0.007 -16"><span class='ocrx_word' id='word_1_8' title='bbox 112 474 240 533; x_wconf 84' lang='lat' dir='ltr'>animo:</span> <span class='ocrx_word' id='word_1_9' title='bbox 271 474 481 549; x_wconf 71' lang='lat' dir='ltr'>ferebaturque,</span> <span class='ocrx_word' id='word_1_10' title='bbox 516 479 634 549; x_wconf 84' lang='lat' dir='ltr'>copiosa</span> <span class='ocrx_word' id='word_1_11' title='bbox 654 486 685 536; x_wconf 87' lang='lat' dir='ltr'>et</span> <span class='ocrx_word' id='word_1_12' title='bbox 705 480 786 536; x_wconf 89' lang='lat' dir='ltr'>motti</span> <span class='ocrx_word' id='word_1_13' title='bbox 809 478 871 537; x_wconf 88' lang='lat' dir='ltr'>vita</span> <span class='ocrx_word' id='word_1_14' title='bbox 900 497 995 540; x_wconf 90' lang='lat' dir='ltr'>secre-</span> 
     </span>
     <span class='ocr_line' id='line_1_3' title="bbox 95 572 994 650; baseline 0.004 -16"><span class='ocrx_word' id='word_1_15' title='bbox 95 580 186 634; x_wconf 81' lang='lat' dir='ltr'>¹tum</span> <span class='ocrx_word' id='word_1_16' title='bbox 218 572 291 630; x_wconf 78' lang='lat' dir='ltr'>itanu</span> <span class='ocrx_word' id='word_1_17' title='bbox 324 575 505 632; x_wconf 85' lang='lat' dir='ltr'>toleravisse.</span> <span class='ocrx_word' id='word_1_18' title='bbox 557 577 666 634; x_wconf 72' lang='lat' dir='ltr'>attium</span> <span class='ocrx_word' id='word_1_19' title='bbox 700 579 772 638; x_wconf 80' lang='lat' dir='ltr'>eius.</span> <span class='ocrx_word' id='word_1_20' title='bbox 812 581 994 650; x_wconf 88' lang='lat' dir='ltr'>Nerutinum,</span> 
     </span>
     <span class='ocr_line' id='line_1_4' title="bbox 113 668 996 749; baseline 0.006 -19"><span class='ocrx_word' id='word_1_21' title='bbox 113 672 267 745; x_wconf 74' lang='lat' dir='ltr'>adgressis</span> <span class='ocrx_word' id='word_1_22' title='bbox 301 672 526 739; x_wconf 80' lang='lat' dir='ltr'>adcuratoribus,</span> <span class='ocrx_word' id='word_1_23' title='bbox 548 694 599 746; x_wconf 89' lang='lat' dir='ltr'>per</span> <span class='ocrx_word' id='word_1_24' title='bbox 618 677 761 734; x_wconf 85' lang='lat' dir='ltr'>invidiam</span> <span class='ocrx_word' id='word_1_25' title='bbox 781 679 870 749; x_wconf 87' lang='lat' dir='ltr'>patris</span> <span class='ocrx_word' id='word_1_26' title='bbox 889 686 919 734; x_wconf 91' lang='lat' dir='ltr'>et</span> <span class='ocrx_word' id='word_1_27' title='bbox 940 668 996 735; x_wconf 64' lang='lat' dir='ltr'>criss</span> 
     </span>
     <span class='ocr_line' id='line_1_5' title="bbox 113 773 994 852; baseline 0.002 -19"><span class='ocrx_word' id='word_1_28' title='bbox 113 773 205 833; x_wconf 79' lang='lat' dir='ltr'>mina</span> <span class='ocrx_word' id='word_1_29' title='bbox 224 774 462 843; x_wconf 77' lang='lat' dir='ltr'>repetundarum,</span> <span class='ocrx_word' id='word_1_30' title='bbox 485 775 649 833; x_wconf 67' lang='lat' dir='ltr'>intercessit</span> <span class='ocrx_word' id='word_1_31' title='bbox 682 778 832 849; x_wconf 75' lang='lat' dir='ltr'>Princeps,</span> <span class='ocrx_word' id='word_1_32' title='bbox 857 783 994 852; x_wconf 84' lang='lat' dir='ltr'>tanquam</span> 
     </span>
     <span class='ocr_line' id='line_1_6' title="bbox 112 872 1046 949; baseline 0.011 -24"><span class='ocrx_word' id='word_1_33' title='bbox 112 872 193 943; x_wconf 72' lang='lat' dir='ltr'>satis</span> <span class='ocrx_word' id='word_1_34' title='bbox 213 873 334 940; x_wconf 77' lang='lat' dir='ltr'>expieta</span> <span class='ocrx_word' id='word_1_35' title='bbox 355 873 476 928; x_wconf 83' lang='lat' dir='ltr'>uitione.</span> <span class='ocrx_word' id='word_1_36' title='bbox 531 873 588 928; x_wconf 88' lang='lat' dir='ltr'>Per</span> <span class='ocrx_word' id='word_1_37' title='bbox 608 876 686 931; x_wconf 83' lang='lat' dir='ltr'>idem</span> <span class='ocrx_word' id='word_1_38' title='bbox 707 883 830 949; x_wconf 88' lang='lat' dir='ltr'>tempus,</span> <span class='ocrx_word' id='word_1_39' title='bbox 850 875 992 934; x_wconf 86' lang='lat' dir='ltr'>Octavius</span> <span class='ocrx_word' id='word_1_40' title='bbox 1003 877 1046 937; x_wconf 83' lang='grc'>44</span> 
     </span>
     <span class='ocr_line' id='line_1_7' title="bbox 115 969 992 1048; baseline 0.011 -25"><span class='ocrx_word' id='word_1_41' title='bbox 115 969 247 1045; x_wconf 70' lang='lat' dir='ltr'>Sagitta,</span> <span class='ocrx_word' id='word_1_42' title='bbox 268 970 364 1039; x_wconf 83' lang='lat' dir='ltr'>plebei</span> <span class='ocrx_word' id='word_1_43' title='bbox 385 971 543 1038; x_wconf 77' lang='lat' dir='ltr'>Tribunus,</span> <span class='ocrx_word' id='word_1_44' title='bbox 566 973 699 1038; x_wconf 75' lang='lat' dir='ltr'>Pontiae,</span> <span class='ocrx_word' id='word_1_45' title='bbox 726 975 854 1032; x_wconf 80' lang='lat' dir='ltr'>mulieris</span> <span class='ocrx_word' id='word_1_46' title='bbox 875 981 992 1048; x_wconf 87' lang='lat' dir='ltr'>nuptae,</span> 
     </span>
     <span class='ocr_line' id='line_1_8' title="bbox 109 1066 991 1144; baseline 0.009 -20"><span class='ocrx_word' id='word_1_47' title='bbox 109 1084 219 1137; x_wconf 79' lang='lat' dir='ltr'>amore</span> <span class='ocrx_word' id='word_1_48' title='bbox 238 1084 351 1131; x_wconf 85' lang='lat' dir='ltr'>vecors,</span> <span class='ocrx_word' id='word_1_49' title='bbox 371 1066 539 1141; x_wconf 71' lang='lat' dir='ltr'>ingentibus</span> <span class='ocrx_word' id='word_1_50' title='bbox 560 1072 647 1127; x_wconf 88' lang='lat' dir='ltr'>donis</span> <span class='ocrx_word' id='word_1_51' title='bbox 658 1076 841 1142; x_wconf 70' lang='lat' dir='ltr'>ademarium,</span> <span class='ocrx_word' id='word_1_52' title='bbox 861 1080 892 1131; x_wconf 87' lang='lat' dir='ltr'>et</span> <span class='ocrx_word' id='word_1_53' title='bbox 912 1092 991 1144; x_wconf 84' lang='lat' dir='ltr'>mox,</span> 
     </span>
     <span class='ocr_line' id='line_1_9' title="bbox 118 1165 991 1236; baseline 0.007 -13"><span class='ocrx_word' id='word_1_54' title='bbox 118 1172 155 1223; x_wconf 86' lang='lat' dir='ltr'>ut</span> <span class='ocrx_word' id='word_1_55' title='bbox 175 1165 322 1222; x_wconf 89' lang='lat' dir='ltr'>omitteret</span> <span class='ocrx_word' id='word_1_56' title='bbox 356 1168 499 1229; x_wconf 79' lang='lat' dir='ltr'>maritum,</span> <span class='ocrx_word' id='word_1_57' title='bbox 520 1178 690 1236; x_wconf 70' lang='lat' dir='ltr'><strong>emereatur,</strong></span> <span class='ocrx_word' id='word_1_58' title='bbox 710 1187 791 1228; x_wconf 87' lang='lat' dir='ltr'>suum</span> <span class='ocrx_word' id='word_1_59' title='bbox 815 1166 991 1230; x_wconf 65' lang='lat' dir='ltr'>matrimoniss</span> 
     </span>
     <span class='ocr_line' id='line_1_10' title="bbox 112 1265 989 1340; baseline 0.005 -18"><span class='ocrx_word' id='word_1_60' title='bbox 112 1281 168 1322; x_wconf 77' lang='lat' dir='ltr'>um</span> <span class='ocrx_word' id='word_1_61' title='bbox 189 1265 370 1333; x_wconf 83' lang='lat' dir='ltr'>promittens,</span> <span class='ocrx_word' id='word_1_62' title='bbox 404 1282 440 1322; x_wconf 86' lang='lat' dir='ltr'>ac</span> <span class='ocrx_word' id='word_1_63' title='bbox 463 1266 578 1336; x_wconf 87' lang='lat' dir='ltr'>nuptias</span> <span class='ocrx_word' id='word_1_64' title='bbox 598 1267 661 1323; x_wconf 85' lang='lat' dir='ltr'>aios</span> <span class='ocrx_word' id='word_1_65' title='bbox 681 1273 791 1340; x_wconf 84' lang='lat' dir='ltr'>pactus.</span> <span class='ocrx_word' id='word_1_66' title='bbox 847 1269 919 1336; x_wconf 81' lang='lat' dir='ltr'>Sed,</span> <span class='ocrx_word' id='word_1_67' title='bbox 938 1269 989 1326; x_wconf 83' lang='lat' dir='ltr'>ubi</span> 
     </span>
     <span class='ocr_line' id='line_1_11' title="bbox 81 1349 989 1441; baseline 0.006 -20"><span class='ocrx_word' id='word_1_68' title='bbox 81 1349 85 1358; x_wconf 44' lang='lat'><strong>¹</strong></span> <span class='ocrx_word' id='word_1_69' title='bbox 114 1362 225 1422; x_wconf 77' lang='lat' dir='ltr'>mutter</span> <span class='ocrx_word' id='word_1_70' title='bbox 245 1379 338 1418; x_wconf 84' lang='lat' dir='ltr'>vacua</span> <span class='ocrx_word' id='word_1_71' title='bbox 358 1363 420 1429; x_wconf 89' lang='lat' dir='ltr'>t&#39;nit,</span> <span class='ocrx_word' id='word_1_72' title='bbox 442 1370 559 1421; x_wconf 86' lang='lat' dir='ltr'>nectere</span> <span class='ocrx_word' id='word_1_73' title='bbox 582 1382 685 1432; x_wconf 88' lang='lat' dir='ltr'>moras,</span> <span class='ocrx_word' id='word_1_74' title='bbox 706 1367 875 1424; x_wconf 86' lang='lat' dir='ltr'>‘adversam</span> <span class='ocrx_word' id='word_1_75' title='bbox 899 1369 989 1441; x_wconf 89' lang='lat' dir='ltr'>patris</span> 
     </span>
     <span class='ocr_line' id='line_1_12' title="bbox 116 1459 990 1539; baseline 0.013 -23"><span class='ocrx_word' id='word_1_76' title='bbox 116 1459 331 1533; x_wconf 81' lang='lat' dir='ltr'>‘voiuntatem’</span> <span class='ocrx_word' id='word_1_77' title='bbox 353 1464 490 1528; x_wconf 78' lang='lat' dir='ltr'>caussari,</span> <span class='ocrx_word' id='word_1_78' title='bbox 519 1472 687 1539; x_wconf 81' lang='lat' dir='ltr'>repertaque</span> <span class='ocrx_word' id='word_1_79' title='bbox 714 1483 765 1538; x_wconf 90' lang='lat' dir='ltr'>spe</span> <span class='ocrx_word' id='word_1_80' title='bbox 789 1466 902 1524; x_wconf 86' lang='lat' dir='ltr'>ditioris</span> <span class='ocrx_word' id='word_1_81' title='bbox 920 1486 990 1526; x_wconf 88' lang='lat' dir='ltr'>con·</span> 
     </span>
     <span class='ocr_line' id='line_1_13' title="bbox 116 1548 989 1636; baseline 0.009 -19"><span class='ocrx_word' id='word_1_82' title='bbox 116 1554 206 1633; x_wconf 80' lang='lat' dir='ltr'>iugis,</span> <span class='ocrx_word' id='word_1_83' title='bbox 246 1561 384 1636; x_wconf 85' lang='lat' dir='ltr'>promissa</span> <span class='ocrx_word' id='word_1_84' title='bbox 429 1580 545 1619; x_wconf 80' lang='lat' dir='ltr'>exuere.</span> <span class='ocrx_word' id='word_1_85' title='bbox 606 1564 750 1622; x_wconf 84' lang='lat' dir='ltr'>Octavius</span> <span class='ocrx_word' id='word_1_86' title='bbox 790 1573 892 1624; x_wconf 89' lang='lat' dir='ltr'>contra</span> <span class='ocrx_word' id='word_1_87' title='bbox 930 1548 989 1624; x_wconf 88' lang='lat' dir='ltr'>mo·</span> 
     </span>
     <span class='ocr_line' id='line_1_14' title="bbox 117 1660 988 1738; baseline 0.009 -23"><span class='ocrx_word' id='word_1_88' title='bbox 117 1661 164 1716; x_wconf 84' lang='lat' dir='ltr'>do</span> <span class='ocrx_word' id='word_1_89' title='bbox 197 1660 345 1732; x_wconf 80' lang='lat' dir='ltr'>conqueri,</span> <span class='ocrx_word' id='word_1_90' title='bbox 390 1662 477 1716; x_wconf 87' lang='lat' dir='ltr'>modo</span> <span class='ocrx_word' id='word_1_91' title='bbox 509 1661 644 1726; x_wconf 87' lang='lat' dir='ltr'>minitari,</span> <span class='ocrx_word' id='word_1_92' title='bbox 678 1663 801 1720; x_wconf 79' lang='lat' dir='ltr'>‘tamem</span> <span class='ocrx_word' id='word_1_93' title='bbox 838 1666 988 1738; x_wconf 78' lang='lat' dir='ltr'>perditam,</span> 
     </span>
     <span class='ocr_line' id='line_1_15' title="bbox 110 1758 988 1835; baseline 0.008 -22"><span class='ocrx_word' id='word_1_94' title='bbox 110 1765 124 1813; x_wconf 72' lang='lat'>‚⁸</span> <span class='ocrx_word' id='word_1_95' title='bbox 138 1759 295 1833; x_wconf 79' lang='lat' dir='ltr'>pecuniam</span> <span class='ocrx_word' id='word_1_96' title='bbox 316 1758 498 1816; x_wconf 80' lang='lat' dir='ltr'>exhaustam’</span> <span class='ocrx_word' id='word_1_97' title='bbox 518 1763 686 1817; x_wconf 73' lang='lat' dir='ltr'>obtestansz</span> <span class='ocrx_word' id='word_1_98' title='bbox 706 1761 832 1835; x_wconf 87' lang='lat' dir='ltr'>denique</span> <span class='ocrx_word' id='word_1_99' title='bbox 856 1766 988 1833; x_wconf 87' lang='lat' dir='ltr'>satutem,</span> 
     </span>
     <span class='ocr_line' id='line_1_16' title="bbox 105 1858 985 1934; baseline 0.005 -20"><span class='ocrx_word' id='word_1_100' title='bbox 105 1874 193 1934; x_wconf 47' lang='lat' dir='ltr'>,quae</span> <span class='ocrx_word' id='word_1_101' title='bbox 210 1861 272 1914; x_wconf 87' lang='lat' dir='ltr'>sota</span> <span class='ocrx_word' id='word_1_102' title='bbox 301 1858 410 1932; x_wconf 85' lang='lat' dir='ltr'>reliqua</span> <span class='ocrx_word' id='word_1_103' title='bbox 437 1865 524 1924; x_wconf 88' lang='lat' dir='ltr'>esset,</span> <span class='ocrx_word' id='word_1_104' title='bbox 557 1859 677 1916; x_wconf 84' lang='lat' dir='ltr'>arbitrio</span> <span class='ocrx_word' id='word_1_105' title='bbox 709 1860 772 1916; x_wconf 83' lang='lat' dir='ltr'>eius</span> <span class='ocrx_word' id='word_1_106' title='bbox 804 1860 985 1932; x_wconf 83' lang='lat' dir='ltr'>permittens.</span> 
     </span>
     <span class='ocr_line' id='line_1_17' title="bbox 113 1946 985 2030; baseline 0.002 -16"><span class='ocrx_word' id='word_1_107' title='bbox 113 1958 178 2019; x_wconf 78' lang='lat' dir='ltr'>Ac,</span> <span class='ocrx_word' id='word_1_108' title='bbox 192 1962 340 2030; x_wconf 88' lang='lat' dir='ltr'>postquam</span> <span class='ocrx_word' id='word_1_109' title='bbox 361 1959 559 2028; x_wconf 78' lang='lat' dir='ltr'>spernebatur,</span> <span class='ocrx_word' id='word_1_110' title='bbox 583 1964 722 2014; x_wconf 85' lang='lat' dir='ltr'>‘noctem</span> <span class='ocrx_word' id='word_1_111' title='bbox 737 1946 823 2015; x_wconf 85' lang='lat' dir='ltr'>unam</span> <span class='ocrx_word' id='word_1_112' title='bbox 837 1959 874 2015; x_wconf 82' lang='lat' dir='ltr'>au</span> <span class='ocrx_word' id='word_1_113' title='bbox 888 1959 985 2016; x_wconf 90' lang='lat' dir='ltr'>sotati·</span> 
     </span>
     <span class='ocr_line' id='line_1_18' title="bbox 113 2052 986 2129; baseline 0.006 -19"><span class='ocrx_word' id='word_1_114' title='bbox 113 2052 194 2111; x_wconf 85' lang='lat' dir='ltr'>‘um&#39;</span> <span class='ocrx_word' id='word_1_115' title='bbox 226 2055 329 2127; x_wconf 79' lang='lat' dir='ltr'>poenit,</span> <span class='ocrx_word' id='word_1_116' title='bbox 350 2063 424 2129; x_wconf 84' lang='lat' dir='ltr'>‘que</span> <span class='ocrx_word' id='word_1_117' title='bbox 451 2056 600 2124; x_wconf 70' lang='lat' dir='ltr'>«tatianus,</span> <span class='ocrx_word' id='word_1_118' title='bbox 628 2059 744 2113; x_wconf 83' lang='lat' dir='ltr'>modurn</span> <span class='ocrx_word' id='word_1_119' title='bbox 772 2056 804 2113; x_wconf 91' lang='lat' dir='ltr'>in</span> <span class='ocrx_word' id='word_1_120' title='bbox 840 2060 986 2128; x_wconf 89' lang='lat' dir='ltr'>posterum</span> 
     </span>
     <span class='ocr_line' id='line_1_19' title="bbox 112 2142 986 2214; baseline 0.005 -5"><span class='ocrx_word' id='word_1_121' title='bbox 112 2142 308 2211; x_wconf 82' lang='lat' dir='ltr'>&#39;‘adbiberet.&#39;</span> <span class='ocrx_word' id='word_1_122' title='bbox 360 2154 502 2211; x_wconf 78' lang='lat' dir='ltr'>Statuitur</span> <span class='ocrx_word' id='word_1_123' title='bbox 528 2173 595 2212; x_wconf 83' lang='lat' dir='ltr'>nox.</span> <span class='ocrx_word' id='word_1_124' title='bbox 637 2156 677 2212; x_wconf 78' lang='lat' dir='ltr'>Et</span> <span class='ocrx_word' id='word_1_125' title='bbox 711 2155 816 2212; x_wconf 86' lang='lat' dir='ltr'>Pontia</span> <span class='ocrx_word' id='word_1_126' title='bbox 847 2156 986 2214; x_wconf 72' lang='lat' dir='ltr'>consciae</span> 
     </span>
     <span class='ocr_line' id='line_1_20' title="bbox 113 2252 1034 2319; baseline 0.002 -9"><span class='ocrx_word' id='word_1_127' title='bbox 113 2252 244 2310; x_wconf 84' lang='lat' dir='ltr'>ancittae</span> <span class='ocrx_word' id='word_1_128' title='bbox 257 2252 419 2310; x_wconf 71' lang='lat' dir='ltr'>custodiam</span> <span class='ocrx_word' id='word_1_129' title='bbox 446 2253 574 2309; x_wconf 89' lang='lat' dir='ltr'>cubicuti</span> <span class='ocrx_word' id='word_1_130' title='bbox 594 2256 720 2311; x_wconf 75' lang='lat' dir='ltr'>mandat</span> <span class='ocrx_word' id='word_1_131' title='bbox 762 2253 827 2319; x_wconf 85' lang='lat' dir='ltr'>tite,</span> <span class='ocrx_word' id='word_1_132' title='bbox 840 2271 900 2311; x_wconf 90' lang='lat' dir='ltr'>uno</span> <span class='ocrx_word' id='word_1_133' title='bbox 917 2272 986 2312; x_wconf 87' lang='lat' dir='ltr'>cum</span> <span class='ocrx_word' id='word_1_134' title='bbox 1031 2291 1034 2296; x_wconf 94' lang='lat'><em>-</em></span> 
     </span>
     <span class='ocr_line' id='line_1_21' title="bbox 111 2351 986 2420; baseline 0.003 -12"><span class='ocrx_word' id='word_1_135' title='bbox 111 2351 230 2418; x_wconf 82' lang='lat' dir='ltr'>liberto,</span> <span class='ocrx_word' id='word_1_136' title='bbox 257 2352 362 2408; x_wconf 86' lang='lat' dir='ltr'>terrum</span> <span class='ocrx_word' id='word_1_137' title='bbox 397 2355 479 2408; x_wconf 84' lang='lat' dir='ltr'>veste</span> <span class='ocrx_word' id='word_1_138' title='bbox 506 2353 654 2408; x_wconf 87' lang='lat' dir='ltr'>occuitum</span> <span class='ocrx_word' id='word_1_139' title='bbox 681 2351 775 2410; x_wconf 76' lang='lat' dir='ltr'>infert.</span> <span class='ocrx_word' id='word_1_140' title='bbox 831 2353 920 2420; x_wconf 74' lang='lat' dir='ltr'>Tum,</span> <span class='ocrx_word' id='word_1_141' title='bbox 954 2358 986 2411; x_wconf 91' lang='lat' dir='ltr'>ut</span> 
     </span>
     <span class='ocr_line' id='line_1_22' title="bbox 112 2451 985 2523; baseline -0.001 -14"><span class='ocrx_word' id='word_1_142' title='bbox 112 2451 228 2509; x_wconf 80' lang='lat' dir='ltr'>adsotet</span> <span class='ocrx_word' id='word_1_143' title='bbox 240 2452 378 2507; x_wconf 77' lang='lat' dir='ltr'>irremote</span> <span class='ocrx_word' id='word_1_144' title='bbox 392 2458 423 2507; x_wconf 94' lang='lat' dir='ltr'>et</span> <span class='ocrx_word' id='word_1_145' title='bbox 435 2451 486 2516; x_wconf 85' lang='lat' dir='ltr'>ira,</span> <span class='ocrx_word' id='word_1_146' title='bbox 498 2451 599 2523; x_wconf 81' lang='lat' dir='ltr'>iurgia,</span> <span class='ocrx_word' id='word_1_147' title='bbox 613 2468 723 2521; x_wconf 82' lang='lat' dir='ltr'>preces,</span> <span class='ocrx_word' id='word_1_148' title='bbox 737 2452 932 2523; x_wconf 76' lang='lat' dir='ltr'>exprobratio,</span> <span class='ocrx_word' id='word_1_149' title='bbox 941 2468 985 2508; x_wconf 89' lang='lat' dir='ltr'>sa·</span> 
     </span>
     <span class='ocr_line' id='line_1_23' title="bbox 112 2548 985 2624; baseline -0.001 -17"><span class='ocrx_word' id='word_1_150' title='bbox 112 2549 256 2607; x_wconf 82' lang='lat' dir='ltr'>tisiactio:</span> <span class='ocrx_word' id='word_1_151' title='bbox 270 2559 300 2605; x_wconf 91' lang='lat' dir='ltr'>et</span> <span class='ocrx_word' id='word_1_152' title='bbox 310 2551 561 2621; x_wconf 84' lang='lat' dir='ltr'>perstenebrarpm</span> <span class='ocrx_word' id='word_1_153' title='bbox 574 2548 696 2605; x_wconf 85' lang='lat' dir='ltr'>tibidine</span> <span class='ocrx_word' id='word_1_154' title='bbox 705 2549 841 2621; x_wconf 87' lang='lat' dir='ltr'>seposita.</span> <span class='ocrx_word' id='word_1_155' title='bbox 870 2549 918 2607; x_wconf 82' lang='lat' dir='ltr'>Ex</span> <span class='ocrx_word' id='word_1_156' title='bbox 928 2566 985 2624; x_wconf 88' lang='lat' dir='ltr'>qua</span> 
     </span>
     <span class='ocr_line' id='line_1_24' title="bbox 112 2646 985 2719; baseline 0 -14"><span class='ocrx_word' id='word_1_157' title='bbox 112 2653 199 2706; x_wconf 88' lang='lat' dir='ltr'>aestu</span> <span class='ocrx_word' id='word_1_158' title='bbox 225 2648 372 2713; x_wconf 85' lang='lat' dir='ltr'>incensus,</span> <span class='ocrx_word' id='word_1_159' title='bbox 387 2647 458 2705; x_wconf 87' lang='lat' dir='ltr'>nihii</span> <span class='ocrx_word' id='word_1_160' title='bbox 474 2653 651 2704; x_wconf 87' lang='lat' dir='ltr'>metuentem</span> <span class='ocrx_word' id='word_1_161' title='bbox 671 2646 747 2704; x_wconf 88' lang='lat' dir='ltr'>t&#39;erro</span> <span class='ocrx_word' id='word_1_162' title='bbox 760 2651 985 2719; x_wconf 88' lang='lat' dir='ltr'>transverberat,</span> 
     </span>
     <span class='ocr_line' id='line_1_25' title="bbox 115 2746 986 2806; baseline 0.001 -1"><span class='ocrx_word' id='word_1_163' title='bbox 115 2751 150 2805; x_wconf 86' lang='lat' dir='ltr'>et</span> <span class='ocrx_word' id='word_1_164' title='bbox 172 2753 371 2803; x_wconf 86' lang='lat' dir='ltr'>accurrentem</span> <span class='ocrx_word' id='word_1_165' title='bbox 385 2746 525 2803; x_wconf 74' lang='lat' dir='ltr'>ancilium</span> <span class='ocrx_word' id='word_1_166' title='bbox 541 2748 661 2803; x_wconf 81' lang='lat' dir='ltr'>vulnere</span> <span class='ocrx_word' id='word_1_167' title='bbox 685 2748 827 2804; x_wconf 80' lang='lat' dir='ltr'>absterret</span> <span class='ocrx_word' id='word_1_168' title='bbox 839 2747 986 2806; x_wconf 82' lang='lat' dir='ltr'>cubiculo·</span> 
     </span>
     <span class='ocr_line' id='line_1_26' title="bbox 112 2844 985 2920; baseline 0.003 -20"><span class='ocrx_word' id='word_1_169' title='bbox 112 2860 172 2920; x_wconf 88' lang='lat' dir='ltr'>que</span> <span class='ocrx_word' id='word_1_170' title='bbox 187 2845 353 2917; x_wconf 86' lang='lat' dir='ltr'>prorumpit.</span> <span class='ocrx_word' id='word_1_171' title='bbox 396 2845 518 2902; x_wconf 86' lang='lat' dir='ltr'>Postera</span> <span class='ocrx_word' id='word_1_172' title='bbox 530 2844 579 2902; x_wconf 85' lang='lat' dir='ltr'>die</span> <span class='ocrx_word' id='word_1_173' title='bbox 593 2845 748 2902; x_wconf 75' lang='lat' dir='ltr'>manifesta</span> <span class='ocrx_word' id='word_1_174' title='bbox 762 2847 886 2902; x_wconf 81' lang='lat' dir='ltr'>caedes:</span> <span class='ocrx_word' id='word_1_175' title='bbox 908 2847 985 2903; x_wconf 87' lang='lat' dir='ltr'>baud</span> 
     </span>
     <span class='ocr_line' id='line_1_27' title="bbox 111 2943 985 3017; baseline -0.002 -15"><span class='ocrx_word' id='word_1_176' title='bbox 111 2943 265 3016; x_wconf 86' lang='lat' dir='ltr'>ambiguus</span> <span class='ocrx_word' id='word_1_177' title='bbox 280 2960 437 3015; x_wconf 85' lang='lat' dir='ltr'>percussor.</span> <span class='ocrx_word' id='word_1_178' title='bbox 450 2943 557 3017; x_wconf 87' lang='lat' dir='ltr'>quippe</span> <span class='ocrx_word' id='word_1_179' title='bbox 571 2943 743 2998; x_wconf 86' lang='lat' dir='ltr'>mansitasse</span> <span class='ocrx_word' id='word_1_180' title='bbox 754 2959 811 2999; x_wconf 85' lang='lat' dir='ltr'>una</span> <span class='ocrx_word' id='word_1_181' title='bbox 825 2944 985 3000; x_wconf 89' lang='lat' dir='ltr'>convince·</span> 
     </span>
     <span class='ocr_line' id='line_1_28' title="bbox 111 3035 984 3117; baseline -0.003 -18"><span class='ocrx_word' id='word_1_182' title='bbox 111 3044 207 3099; x_wconf 87' lang='lat' dir='ltr'>batur.</span> <span class='ocrx_word' id='word_1_183' title='bbox 249 3043 308 3099; x_wconf 82' lang='lat' dir='ltr'>Sed</span> <span class='ocrx_word' id='word_1_184' title='bbox 333 3042 451 3098; x_wconf 86' lang='lat' dir='ltr'>tibertus</span> <span class='ocrx_word' id='word_1_185' title='bbox 471 3056 553 3096; x_wconf 77' lang='lat' dir='ltr'>aarum</span> <span class='ocrx_word' id='word_1_186' title='bbox 573 3035 775 3117; x_wconf 66' lang='lat' dir='ltr'>diudsudmrs</span> <span class='ocrx_word' id='word_1_187' title='bbox 798 3040 935 3112; x_wconf 86' lang='lat' dir='ltr'>profiteri,</span> <span class='ocrx_word' id='word_1_188' title='bbox 954 3055 984 3096; x_wconf 83' lang='lat' dir='ltr'>ac</span> 
     </span>
     <span class='ocr_line' id='line_1_29' title="bbox 105 3137 982 3218; baseline -0.002 -22"><span class='ocrx_word' id='word_1_189' title='bbox 105 3137 226 3218; x_wconf 80' lang='lat' dir='ltr'>patroni</span> <span class='ocrx_word' id='word_1_190' title='bbox 249 3137 372 3196; x_wconf 79' lang='lat' dir='ltr'>iniuriae</span> <span class='ocrx_word' id='word_1_191' title='bbox 391 3137 482 3195; x_wconf 78' lang='lat' dir='ltr'>ultum</span> <span class='ocrx_word' id='word_1_192' title='bbox 502 3154 569 3195; x_wconf 82' lang='lat' dir='ltr'>rear.</span> <span class='ocrx_word' id='word_1_193' title='bbox 610 3138 874 3210; x_wconf 78' lang='lat' dir='ltr'>commoveratque</span> <span class='ocrx_word' id='word_1_194' title='bbox 900 3154 982 3212; x_wconf 86' lang='lat' dir='ltr'>quos·</span> 
     </span>
     <span class='ocr_line' id='line_1_30' title="bbox 109 3234 982 3311; baseline -0.003 -16"><span class='ocrx_word' id='word_1_195' title='bbox 109 3238 182 3295; x_wconf 87' lang='lat' dir='ltr'>dam</span> <span class='ocrx_word' id='word_1_196' title='bbox 197 3237 557 3311; x_wconf 80' lang='lat' dir='ltr'>magnitudiueexempti:</span> <span class='ocrx_word' id='word_1_197' title='bbox 572 3237 667 3293; x_wconf 89' lang='lat' dir='ltr'>donec</span> <span class='ocrx_word' id='word_1_198' title='bbox 681 3234 846 3302; x_wconf 84' lang='lat' dir='ltr'>ancitta,ex</span> <span class='ocrx_word' id='word_1_199' title='bbox 860 3238 982 3292; x_wconf 80' lang='lat' dir='ltr'>vulnere</span> 
     </span>
     <span class='ocr_line' id='line_1_31' title="bbox 110 3334 983 3409; baseline -0.003 -16"><span class='ocrx_word' id='word_1_200' title='bbox 110 3336 232 3402; x_wconf 81' lang='lat' dir='ltr'>resecta,</span> <span class='ocrx_word' id='word_1_201' title='bbox 257 3353 359 3392; x_wconf 88' lang='lat' dir='ltr'>verum</span> <span class='ocrx_word' id='word_1_202' title='bbox 383 3335 506 3409; x_wconf 87' lang='lat' dir='ltr'>aperuit.</span> <span class='ocrx_word' id='word_1_203' title='bbox 534 3337 750 3409; x_wconf 79' lang='lat' dir='ltr'>postulatusque</span> <span class='ocrx_word' id='word_1_204' title='bbox 775 3335 850 3406; x_wconf 85' lang='lat' dir='ltr'>apud</span> <span class='ocrx_word' id='word_1_205' title='bbox 871 3334 983 3391; x_wconf 76' lang='lat' dir='ltr'>Consu·</span> 
     </span>
     <span class='ocr_line' id='line_1_32' title="bbox 109 3431 982 3509; baseline -0.007 -15"><span class='ocrx_word' id='word_1_206' title='bbox 109 3436 157 3494; x_wconf 81' lang='lat' dir='ltr'>tes</span> <span class='ocrx_word' id='word_1_207' title='bbox 177 3452 195 3495; x_wconf 87' lang='lat' dir='ltr'>a</span> <span class='ocrx_word' id='word_1_208' title='bbox 215 3440 296 3509; x_wconf 87' lang='lat' dir='ltr'>parte</span> <span class='ocrx_word' id='word_1_209' title='bbox 324 3434 505 3504; x_wconf 77' lang='lat' dir='ltr'>interfectae,</span> <span class='ocrx_word' id='word_1_210' title='bbox 532 3439 684 3508; x_wconf 86' lang='lat' dir='ltr'>postquam</span> <span class='ocrx_word' id='word_1_211' title='bbox 713 3433 878 3491; x_wconf 76' lang='lat' dir='ltr'>Tribunatu</span> <span class='ocrx_word' id='word_1_212' title='bbox 904 3431 982 3489; x_wconf 88' lang='lat' dir='ltr'>abie-</span> 
     </span>
    </p>
   </div>
   <div class='ocr_carea' id='block_1_3' title="bbox 0 0 1234 4267">
    <p class='ocr_par' dir='ltr' id='par_1_3' title="bbox 0 0 1234 4267">
     <span class='ocr_line' id='line_1_33' title="bbox 0 0 1234 4267; baseline 0 0"><span class='ocrx_word' id='word_1_213' title='bbox 0 0 1234 4267; x_wconf 95' lang='lat' dir='ltr'> </span> 
     </span>
    </p>
   </div>
  </div>
 </body>
</html>
