<?xml version="1.0" encoding="UTF-8"?>
<!DOCTYPE html PUBLIC "-//W3C//DTD XHTML 1.0 Transitional//EN"
    "http://www.w3.org/TR/xhtml1/DTD/xhtml1-transitional.dtd">
<html xmlns="http://www.w3.org/1999/xhtml" xml:lang="en" lang="en">
 <head>
  <title>
</title>
<meta http-equiv="Content-Type" content="text/html;charset=utf-8" />
  <meta name='ocr-system' content='tesseract 3.04.00' />
  <meta name='ocr-capabilities' content='ocr_page ocr_carea ocr_par ocr_line ocrx_word'/>
</head>
<body>
  <div class='ocr_page' id='page_1' title='image "./ccorneliitaciti02unkngoog_0153.png"; bbox 0 0 2459 4267; ppageno 0'>
   <div class='ocr_carea' id='block_1_1' title="bbox 6 293 980 439">
    <p class='ocr_par' dir='ltr' id='par_1_1' title="bbox 6 293 980 439">
     <span class='ocr_line' id='line_1_1' title="bbox 6 293 980 439; baseline -0.003 -12"><span class='ocrx_word' id='word_1_1' title='bbox 6 293 7 316; x_wconf 13' lang='grc' dir='ltr'><strong>Χ</strong></span> <span class='ocrx_word' id='word_1_2' title='bbox 111 383 139 427; x_wconf 78' lang='lat' dir='ltr'><strong>a.</strong></span> <span class='ocrx_word' id='word_1_3' title='bbox 155 380 184 426; x_wconf 90' lang='lat' dir='ltr'><strong>c.</strong></span> <span class='ocrx_word' id='word_1_4' title='bbox 203 381 239 425; x_wconf 87' lang='lat' dir='ltr'><strong>rs.</strong></span> <span class='ocrx_word' id='word_1_5' title='bbox 337 376 407 424; x_wconf 80' lang='lat' dir='ltr'><strong>ara.</strong></span> <span class='ocrx_word' id='word_1_6' title='bbox 434 377 470 423; x_wconf 89' lang='lat' dir='ltr'><strong>n.</strong></span> <span class='ocrx_word' id='word_1_7' title='bbox 521 353 784 439; x_wconf 43' lang='lat' dir='ltr'><strong>clamem.</strong></span> <span class='ocrx_word' id='word_1_8' title='bbox 913 353 980 425; x_wconf 87' lang='lat' dir='ltr'><strong>ill</strong></span> 
     </span>
    </p>
   </div>
   <div class='ocr_carea' id='block_1_2' title="bbox 6 518 1077 3673">
    <p class='ocr_par' dir='ltr' id='par_1_2' title="bbox 6 518 1077 3673">
     <span class='ocr_line' id='line_1_2' title="bbox 109 518 986 606; baseline -0.002 -16"><span class='ocrx_word' id='word_1_9' title='bbox 109 532 215 606; x_wconf 77' lang='lat' dir='ltr'><strong>deligit</strong></span> <span class='ocrx_word' id='word_1_10' title='bbox 230 518 444 599; x_wconf 64' lang='lat' dir='ltr'>contuitionem,</span> <span class='ocrx_word' id='word_1_11' title='bbox 464 530 512 606; x_wconf 89' lang='lat' dir='ltr'><strong>qui</strong></span> <span class='ocrx_word' id='word_1_12' title='bbox 527 530 673 590; x_wconf 79' lang='lat' dir='ltr'><strong>nuntiaret</strong></span> <span class='ocrx_word' id='word_1_13' title='bbox 695 532 835 606; x_wconf 75' lang='lat' dir='ltr'>Regibus,</span> <span class='ocrx_word' id='word_1_14' title='bbox 849 547 884 587; x_wconf 85' lang='lat' dir='ltr'><strong>ae</strong></span> <span class='ocrx_word' id='word_1_15' title='bbox 896 529 986 588; x_wconf 69' lang='lat' dir='ltr'><strong>ansas</strong></span> 
     </span>
     <span class='ocr_line' id='line_1_3' title="bbox 113 629 986 707; baseline 0.002 -21"><span class='ocrx_word' id='word_1_16' title='bbox 113 629 317 707; x_wconf 72' lang='lat' dir='ltr'><em>disceptarent:</em></span> <span class='ocrx_word' id='word_1_17' title='bbox 344 631 499 704; x_wconf 79' lang='lat' dir='ltr'><strong>statimque</strong></span> <span class='ocrx_word' id='word_1_18' title='bbox 518 632 648 704; x_wconf 76' lang='lat' dir='ltr'><strong>aColye</strong></span> <span class='ocrx_word' id='word_1_19' title='bbox 669 633 789 688; x_wconf 87' lang='lat' dir='ltr'><strong>dimissa</strong></span> <span class='ocrx_word' id='word_1_20' title='bbox 813 637 890 695; x_wconf 88' lang='lat' dir='ltr'><strong>sunt,</strong></span> <span class='ocrx_word' id='word_1_21' title='bbox 913 648 986 704; x_wconf 86' lang='lat' dir='ltr'><strong>quae</strong></span> 
     </span>
     <span class='ocr_line' id='line_1_4' title="bbox 110 728 988 803; baseline 0 -17"><span class='ocrx_word' id='word_1_22' title='bbox 110 735 277 803; x_wconf 89' lang='lat' dir='ltr'><strong>paraverat,</strong></span> <span class='ocrx_word' id='word_1_23' title='bbox 290 728 411 786; x_wconf 85' lang='lat' dir='ltr'><strong>auxilia.</strong></span> <span class='ocrx_word' id='word_1_24' title='bbox 433 729 630 802; x_wconf 77' lang='lat' dir='ltr'>Rhescuporis</span> <span class='ocrx_word' id='word_1_25' title='bbox 647 732 715 787; x_wconf 91' lang='lat' dir='ltr'><strong>licta</strong></span> <span class='ocrx_word' id='word_1_26' title='bbox 735 729 878 786; x_wconf 88' lang='lat' dir='ltr'><strong>modestia</strong></span> <span class='ocrx_word' id='word_1_27' title='bbox 893 737 988 801; x_wconf 88' lang='lat' dir='ltr'><strong>postn-</strong></span> 
     </span>
     <span class='ocr_line' id='line_1_5' title="bbox 112 825 987 905; baseline -0.001 -20"><span class='ocrx_word' id='word_1_28' title='bbox 112 831 164 896; x_wconf 92' lang='lat' dir='ltr'><strong>lat,</strong></span> <span class='ocrx_word' id='word_1_29' title='bbox 187 826 303 884; x_wconf 79' lang='lat' dir='ltr'><strong>modom</strong></span> <span class='ocrx_word' id='word_1_30' title='bbox 322 826 354 882; x_wconf 83' lang='lat' dir='ltr'><strong>in</strong></span> <span class='ocrx_word' id='word_1_31' title='bbox 373 826 464 883; x_wconf 74' lang='lat' dir='ltr'><strong>baon</strong></span> <span class='ocrx_word' id='word_1_32' title='bbox 483 825 623 883; x_wconf 62' lang='lat' dir='ltr'><strong>caretas:</strong></span> <span class='ocrx_word' id='word_1_33' title='bbox 645 845 727 905; x_wconf 84' lang='lat' dir='ltr'><strong>posse</strong></span> <span class='ocrx_word' id='word_1_34' title='bbox 747 826 779 883; x_wconf 82' lang='lat' dir='ltr'><strong>do</strong></span> <span class='ocrx_word' id='word_1_35' title='bbox 792 825 987 884; x_wconf 67' lang='lat' dir='ltr'><strong>controuersiis</strong></span> 
     </span>
     <span class='ocr_line' id='line_1_6' title="bbox 110 922 987 1002; baseline -0.001 -19"><span class='ocrx_word' id='word_1_36' title='bbox 110 924 249 1002; x_wconf 80' lang='lat' dir='ltr'><strong>colloquio</strong></span> <span class='ocrx_word' id='word_1_37' title='bbox 258 922 391 1001; x_wconf 73' lang='lat' dir='ltr'><strong><em>transigi.</em></strong></span> <span class='ocrx_word' id='word_1_38' title='bbox 407 944 463 983; x_wconf 90' lang='lat' dir='ltr'><strong>neo</strong></span> <span class='ocrx_word' id='word_1_39' title='bbox 477 925 526 982; x_wconf 93' lang='lat' dir='ltr'><strong>din</strong></span> <span class='ocrx_word' id='word_1_40' title='bbox 537 927 699 983; x_wconf 80' lang='lat' dir='ltr'><strong>dubitatum</strong></span> <span class='ocrx_word' id='word_1_41' title='bbox 711 928 747 983; x_wconf 91' lang='lat' dir='ltr'><strong>de</strong></span> <span class='ocrx_word' id='word_1_42' title='bbox 760 932 901 999; x_wconf 84' lang='lat' dir='ltr'><strong>tempore,</strong></span> <span class='ocrx_word' id='word_1_43' title='bbox 911 928 987 994; x_wconf 91' lang='lat' dir='ltr'><strong>loco,</strong></span> 
     </span>
     <span class='ocr_line' id='line_1_7' title="bbox 110 1025 988 1091; baseline 0 -10"><span class='ocrx_word' id='word_1_44' title='bbox 110 1027 181 1083; x_wconf 90' lang='lat' dir='ltr'><strong>dein</strong></span> <span class='ocrx_word' id='word_1_45' title='bbox 195 1026 433 1081; x_wconf 89' lang='lat' dir='ltr'><strong>conditionibus:</strong></span> <span class='ocrx_word' id='word_1_46' title='bbox 454 1042 521 1080; x_wconf 91' lang='lat' dir='ltr'><strong>cum</strong></span> <span class='ocrx_word' id='word_1_47' title='bbox 535 1027 609 1081; x_wconf 90' lang='lat' dir='ltr'><strong>alter</strong></span> <span class='ocrx_word' id='word_1_48' title='bbox 623 1025 775 1091; x_wconf 76' lang='lat' dir='ltr'><strong>facilitate,</strong></span> <span class='ocrx_word' id='word_1_49' title='bbox 789 1029 864 1082; x_wconf 89' lang='lat' dir='ltr'><strong>alter</strong></span> <span class='ocrx_word' id='word_1_50' title='bbox 877 1025 988 1091; x_wconf 78' lang='lat' dir='ltr'><strong>fraude,</strong></span> 
     </span>
     <span class='ocr_line' id='line_1_8' title="bbox 110 1123 988 1198; baseline -0.001 -17"><span class='ocrx_word' id='word_1_51' title='bbox 110 1130 221 1181; x_wconf 92' lang='lat' dir='ltr'><strong>cuncta</strong></span> <span class='ocrx_word' id='word_1_52' title='bbox 235 1123 313 1180; x_wconf 87' lang='lat' dir='ltr'><strong>inter</strong></span> <span class='ocrx_word' id='word_1_53' title='bbox 325 1141 357 1179; x_wconf 90' lang='lat' dir='ltr'><strong>se</strong></span> <span class='ocrx_word' id='word_1_54' title='bbox 368 1125 567 1180; x_wconf 82' lang='lat' dir='ltr'><strong>concederent</strong></span> <span class='ocrx_word' id='word_1_55' title='bbox 581 1126 814 1198; x_wconf 77' lang='lat' dir='ltr'><strong>acciperentque.</strong></span> <span class='ocrx_word' id='word_1_56' title='bbox 857 1124 988 1180; x_wconf 85' lang='lat' dir='ltr'><strong>Rhescu-</strong></span> 
     </span>
     <span class='ocr_line' id='line_1_9' title="bbox 111 1222 987 1296; baseline -0.001 -17"><span class='ocrx_word' id='word_1_57' title='bbox 111 1223 189 1296; x_wconf 80' lang='lat' dir='ltr'><strong>poris</strong></span> <span class='ocrx_word' id='word_1_58' title='bbox 218 1222 390 1286; x_wconf 86' lang='lat' dir='ltr'><strong>sanciendo,</strong></span> <span class='ocrx_word' id='word_1_59' title='bbox 423 1229 454 1278; x_wconf 91' lang='lat' dir='ltr'><strong>nt</strong></span> <span class='ocrx_word' id='word_1_60' title='bbox 480 1222 647 1287; x_wconf 85' lang='lat' dir='ltr'><strong>dictitabat,</strong></span> <span class='ocrx_word' id='word_1_61' title='bbox 678 1222 789 1278; x_wconf 76' lang='lat' dir='ltr'><strong>foederi</strong></span> <span class='ocrx_word' id='word_1_62' title='bbox 815 1222 987 1279; x_wconf 83' lang='lat' dir='ltr'><strong>convivium</strong></span> 
     </span>
     <span class='ocr_line' id='line_1_10' title="bbox 112 1320 989 1394; baseline 0 -16"><span class='ocrx_word' id='word_1_63' title='bbox 112 1323 234 1378; x_wconf 86' lang='lat' dir='ltr'><strong>adiicit:</strong></span> <span class='ocrx_word' id='word_1_64' title='bbox 261 1328 410 1394; x_wconf 91' lang='lat' dir='ltr'><strong>tractaque</strong></span> <span class='ocrx_word' id='word_1_65' title='bbox 437 1320 468 1377; x_wconf 90' lang='lat' dir='ltr'><strong>in</strong></span> <span class='ocrx_word' id='word_1_66' title='bbox 497 1324 618 1377; x_wconf 89' lang='lat' dir='ltr'><strong>multam</strong></span> <span class='ocrx_word' id='word_1_67' title='bbox 644 1327 760 1377; x_wconf 89' lang='lat' dir='ltr'><strong>noctem</strong></span> <span class='ocrx_word' id='word_1_68' title='bbox 789 1321 910 1388; x_wconf 90' lang='lat' dir='ltr'><strong>laetitia,</strong></span> <span class='ocrx_word' id='word_1_69' title='bbox 938 1339 989 1394; x_wconf 87' lang='lat' dir='ltr'><strong>per</strong></span> 
     </span>
     <span class='ocr_line' id='line_1_11' title="bbox 111 1420 988 1494; baseline -0.001 -17"><span class='ocrx_word' id='word_1_70' title='bbox 111 1423 216 1494; x_wconf 88' lang='lat' dir='ltr'><strong>epulas</strong></span> <span class='ocrx_word' id='word_1_71' title='bbox 230 1438 266 1476; x_wconf 88' lang='lat' dir='ltr'><strong>ao</strong></span> <span class='ocrx_word' id='word_1_72' title='bbox 282 1420 476 1476; x_wconf 90' lang='lat' dir='ltr'><strong>vinolentiam</strong></span> <span class='ocrx_word' id='word_1_73' title='bbox 492 1420 642 1476; x_wconf 90' lang='lat' dir='ltr'><strong>incautum</strong></span> <span class='ocrx_word' id='word_1_74' title='bbox 658 1421 768 1493; x_wconf 79' lang='lat' dir='ltr'><strong>Cotyn,</strong></span> <span class='ocrx_word' id='word_1_75' title='bbox 782 1426 821 1486; x_wconf 91' lang='lat' dir='ltr'><strong>el,</strong></span> <span class='ocrx_word' id='word_1_76' title='bbox 836 1429 988 1492; x_wconf 89' lang='lat' dir='ltr'><strong>postquam</strong></span> 
     </span>
     <span class='ocr_line' id='line_1_12' title="bbox 112 1515 989 1595; baseline -0.001 -19"><span class='ocrx_word' id='word_1_77' title='bbox 112 1521 213 1576; x_wconf 91' lang='lat' dir='ltr'><strong>dolum</strong></span> <span class='ocrx_word' id='word_1_78' title='bbox 228 1519 426 1585; x_wconf 76' lang='lat' dir='ltr'><strong>intellexerat,</strong></span> <span class='ocrx_word' id='word_1_79' title='bbox 436 1535 521 1574; x_wconf 84' lang='lat' dir='ltr'><strong>sacra</strong></span> <span class='ocrx_word' id='word_1_80' title='bbox 532 1518 623 1592; x_wconf 76' lang='lat' dir='ltr'><strong>regni,</strong></span> <span class='ocrx_word' id='word_1_81' title='bbox 634 1515 892 1595; x_wconf 69' lang='lat' dir='ltr'><strong>mmdemfmailioo</strong></span> <span class='ocrx_word' id='word_1_82' title='bbox 904 1519 989 1587; x_wconf 84' lang='lat' dir='ltr'><strong>Deos,</strong></span> 
     </span>
     <span class='ocr_line' id='line_1_13' title="bbox 111 1616 988 1693; baseline -0.002 -19"><span class='ocrx_word' id='word_1_83' title='bbox 111 1623 138 1674; x_wconf 84' lang='lat' dir='ltr'><strong>et</strong></span> <span class='ocrx_word' id='word_1_84' title='bbox 164 1616 316 1693; x_wconf 82' lang='lat' dir='ltr'><strong>hospitalis</strong></span> <span class='ocrx_word' id='word_1_85' title='bbox 349 1634 461 1673; x_wconf 82' lang='lat' dir='ltr'><strong>mensus</strong></span> <span class='ocrx_word' id='word_1_86' title='bbox 492 1620 698 1682; x_wconf 83' lang='lat' dir='ltr'><strong>obtestantem,</strong></span> <span class='ocrx_word' id='word_1_87' title='bbox 732 1617 846 1674; x_wconf 89' lang='lat' dir='ltr'><strong>catenis</strong></span> <span class='ocrx_word' id='word_1_88' title='bbox 877 1623 988 1673; x_wconf 84' lang='lat' dir='ltr'><strong>onerat.</strong></span> 
     </span>
     <span class='ocr_line' id='line_1_14' title="bbox 114 1716 990 1789; baseline -0.002 -16"><span class='ocrx_word' id='word_1_89' title='bbox 114 1717 306 1789; x_wconf 80' lang='lat' dir='ltr'><strong>Thraciaque</strong></span> <span class='ocrx_word' id='word_1_90' title='bbox 320 1716 398 1772; x_wconf 89' lang='lat' dir='ltr'><strong>omni</strong></span> <span class='ocrx_word' id='word_1_91' title='bbox 421 1717 530 1787; x_wconf 88' lang='lat' dir='ltr'><strong>potitus</strong></span> <span class='ocrx_word' id='word_1_92' title='bbox 542 1717 658 1788; x_wconf 76' lang='lat' dir='ltr'><strong>scripsit</strong></span> <span class='ocrx_word' id='word_1_93' title='bbox 672 1718 708 1772; x_wconf 90' lang='lat' dir='ltr'><strong>ad</strong></span> <span class='ocrx_word' id='word_1_94' title='bbox 724 1717 887 1781; x_wconf 81' lang='lat' dir='ltr'><strong>Tiberium,</strong></span> <span class='ocrx_word' id='word_1_95' title='bbox 902 1722 990 1772; x_wconf 78' lang='lat' dir='ltr'><strong>slnso·</strong></span> 
     </span>
     <span class='ocr_line' id='line_1_15' title="bbox 111 1814 989 1891; baseline 0.001 -18"><span class='ocrx_word' id='word_1_96' title='bbox 111 1822 159 1873; x_wconf 83' lang='lat' dir='ltr'><strong>tus</strong></span> <span class='ocrx_word' id='word_1_97' title='bbox 172 1814 230 1871; x_wconf 82' lang='lat' dir='ltr'><strong>sibi</strong></span> <span class='ocrx_word' id='word_1_98' title='bbox 251 1814 381 1881; x_wconf 63' lang='lat' dir='ltr'><strong>insidiae,</strong></span> <span class='ocrx_word' id='word_1_99' title='bbox 396 1823 577 1891; x_wconf 83' lang='lat' dir='ltr'><strong>praeventum</strong></span> <span class='ocrx_word' id='word_1_100' title='bbox 596 1815 807 1873; x_wconf 73' lang='lat' dir='ltr'><strong>insidiatorem:</strong></span> <span class='ocrx_word' id='word_1_101' title='bbox 831 1818 915 1874; x_wconf 88' lang='lat' dir='ltr'><strong>simul</strong></span> <span class='ocrx_word' id='word_1_102' title='bbox 931 1820 989 1874; x_wconf 88' lang='lat' dir='ltr'><strong>bel·</strong></span> 
     </span>
     <span class='ocr_line' id='line_1_16' title="bbox 6 1915 988 1991; baseline 0 -18"><span class='ocrx_word' id='word_1_103' title='bbox 6 1945 7 1978; x_wconf 66' lang='grc'><strong><em>;</em></strong></span> <span class='ocrx_word' id='word_1_104' title='bbox 108 1915 171 1973; x_wconf 91' lang='lat' dir='ltr'><strong>lum</strong></span> <span class='ocrx_word' id='word_1_105' title='bbox 200 1916 341 1971; x_wconf 89' lang='lat' dir='ltr'><strong>adversus</strong></span> <span class='ocrx_word' id='word_1_106' title='bbox 377 1917 533 1972; x_wconf 83' lang='lat' dir='ltr'><strong>Bastarnas</strong></span> <span class='ocrx_word' id='word_1_107' title='bbox 568 1918 753 1991; x_wconf 86' lang='lat' dir='ltr'><strong>Scythasque</strong></span> <span class='ocrx_word' id='word_1_108' title='bbox 781 1919 988 1989; x_wconf 81' lang='lat' dir='ltr'><strong>praetendens,</strong></span> 
     </span>
     <span class='ocr_line' id='line_1_17' title="bbox 111 2015 989 2088; baseline -0.001 -16.107"><span class='ocrx_word' id='word_1_109' title='bbox 111 2015 201 2072; x_wconf 91' lang='lat' dir='ltr'><strong>novis</strong></span> <span class='ocrx_word' id='word_1_110' title='bbox 217 2015 347 2087; x_wconf 89' lang='lat' dir='ltr'><strong>peditum</strong></span> <span class='ocrx_word' id='word_1_111' title='bbox 362 2021 391 2070; x_wconf 92' lang='lat' dir='ltr'><strong>et</strong></span> <span class='ocrx_word' id='word_1_112' title='bbox 406 2015 534 2088; x_wconf 87' lang='lat' dir='ltr'><strong>equitum</strong></span> <span class='ocrx_word' id='word_1_113' title='bbox 548 2017 642 2086; x_wconf 87' lang='lat' dir='ltr'><strong>copiis</strong></span> <span class='ocrx_word' id='word_1_114' title='bbox 657 2034 721 2072; x_wconf 84' lang='lat' dir='ltr'><strong>sese</strong></span> <span class='ocrx_word' id='word_1_115' title='bbox 733 2017 872 2072; x_wconf 88' lang='lat' dir='ltr'><strong>firmabat.</strong></span> <span class='ocrx_word' id='word_1_116' title='bbox 914 2015 989 2072; x_wconf 90' lang='lat' dir='ltr'><strong>Mol·</strong></span> 
     </span>
     <span class='ocr_line' id='line_1_18' title="bbox 6 2095 990 2186; baseline -0.003 -15"><span class='ocrx_word' id='word_1_117' title='bbox 6 2095 7 2126; x_wconf 57' lang='lat'><em>³</em></span> <span class='ocrx_word' id='word_1_118' title='bbox 112 2116 182 2172; x_wconf 85' lang='lat' dir='ltr'><strong>liter</strong></span> <span class='ocrx_word' id='word_1_119' title='bbox 202 2114 386 2186; x_wconf 87' lang='lat' dir='ltr'><strong>rescriptum,</strong></span> <span class='ocrx_word' id='word_1_120' title='bbox 416 2114 461 2170; x_wconf 84' lang='lat' dir='ltr'><strong>‘si</strong></span> <span class='ocrx_word' id='word_1_121' title='bbox 480 2114 556 2171; x_wconf 87' lang='lat' dir='ltr'><strong>lrans</strong></span> <span class='ocrx_word' id='word_1_122' title='bbox 577 2117 700 2181; x_wconf 86' lang='lat' dir='ltr'><strong>abesset,</strong></span> <span class='ocrx_word' id='word_1_123' title='bbox 723 2132 806 2184; x_wconf 89' lang='lat' dir='ltr'><strong>posse</strong></span> <span class='ocrx_word' id='word_1_124' title='bbox 821 2130 887 2169; x_wconf 89' lang='lat' dir='ltr'><strong>eum</strong></span> <span class='ocrx_word' id='word_1_125' title='bbox 907 2113 990 2169; x_wconf 91' lang='lat' dir='ltr'><strong>inno-</strong></span> 
     </span>
     <span class='ocr_line' id='line_1_19' title="bbox 115 2212 990 2287; baseline -0.005 -17"><span class='ocrx_word' id='word_1_126' title='bbox 115 2212 256 2269; x_wconf 89' lang='lat' dir='ltr'><strong>‘centiae</strong></span> <span class='ocrx_word' id='word_1_127' title='bbox 270 2212 378 2268; x_wconf 86' lang='lat' dir='ltr'><strong>fidere:</strong></span> <span class='ocrx_word' id='word_1_128' title='bbox 403 2219 531 2269; x_wconf 88' lang='lat' dir='ltr'><strong>ceterum</strong></span> <span class='ocrx_word' id='word_1_129' title='bbox 551 2231 645 2287; x_wconf 88' lang='lat' dir='ltr'><strong>neque</strong></span> <span class='ocrx_word' id='word_1_130' title='bbox 666 2230 707 2277; x_wconf 86' lang='lat' dir='ltr'><strong>se,</strong></span> <span class='ocrx_word' id='word_1_131' title='bbox 730 2229 823 2284; x_wconf 88' lang='lat' dir='ltr'><strong>neque</strong></span> <span class='ocrx_word' id='word_1_132' title='bbox 840 2212 990 2278; x_wconf 84' lang='lat' dir='ltr'><strong>Senatum,</strong></span> 
     </span>
     <span class='ocr_line' id='line_1_20' title="bbox 111 2299 989 2385; baseline -0.004 -16.427"><span class='ocrx_word' id='word_1_133' title='bbox 111 2312 191 2369; x_wconf 84' lang='lat' dir='ltr'><strong>‘nisi</strong></span> <span class='ocrx_word' id='word_1_134' title='bbox 201 2299 323 2385; x_wconf 80' lang='lat' dir='ltr'><strong>cognita</strong></span> <span class='ocrx_word' id='word_1_135' title='bbox 331 2328 443 2378; x_wconf 88' lang='lat' dir='ltr'><strong>caussa,</strong></span> <span class='ocrx_word' id='word_1_136' title='bbox 454 2312 499 2368; x_wconf 89' lang='lat' dir='ltr'><strong>ius</strong></span> <span class='ocrx_word' id='word_1_137' title='bbox 512 2319 542 2368; x_wconf 87' lang='lat' dir='ltr'><strong>et</strong></span> <span class='ocrx_word' id='word_1_138' title='bbox 553 2313 689 2384; x_wconf 88' lang='lat' dir='ltr'><strong>injuriam</strong></span> <span class='ocrx_word' id='word_1_139' title='bbox 698 2311 884 2368; x_wconf 82' lang='lat' dir='ltr'><strong>discreturus.</strong></span> <span class='ocrx_word' id='word_1_140' title='bbox 895 2311 989 2382; x_wconf 87' lang='lat' dir='ltr'><strong>proin·</strong></span> 
     </span>
     <span class='ocr_line' id='line_1_21' title="bbox 6 2397 988 2483; baseline -0.003 -16"><span class='ocrx_word' id='word_1_141' title='bbox 6 2397 7 2414; x_wconf 43' lang='lat'><em>*</em></span> <span class='ocrx_word' id='word_1_142' title='bbox 111 2413 181 2477; x_wconf 85' lang='lat' dir='ltr'><strong>‘de,</strong></span> <span class='ocrx_word' id='word_1_143' title='bbox 210 2410 317 2466; x_wconf 87' lang='lat' dir='ltr'><strong>tradito</strong></span> <span class='ocrx_word' id='word_1_144' title='bbox 344 2411 450 2483; x_wconf 86' lang='lat' dir='ltr'><strong>Cotye,</strong></span> <span class='ocrx_word' id='word_1_145' title='bbox 475 2411 588 2466; x_wconf 86' lang='lat' dir='ltr'><strong>veniret</strong></span> <span class='ocrx_word' id='word_1_146' title='bbox 610 2409 831 2483; x_wconf 79' lang='lat' dir='ltr'><strong>transferretque</strong></span> <span class='ocrx_word' id='word_1_147' title='bbox 844 2408 988 2467; x_wconf 89' lang='lat' dir='ltr'><strong>invidiam</strong></span> 
     </span>
     <span class='ocr_line' id='line_1_22' title="bbox 111 2506 1039 2582; baseline 0.004 -17"><span class='ocrx_word' id='word_1_148' title='bbox 111 2507 286 2566; x_wconf 79' lang='lat' dir='ltr'><strong>‘criminis&#39;</strong></span> <span class='ocrx_word' id='word_1_149' title='bbox 326 2506 387 2564; x_wconf 80' lang='lat' dir='ltr'><strong>Eas</strong></span> <span class='ocrx_word' id='word_1_150' title='bbox 402 2509 513 2565; x_wconf 88' lang='lat' dir='ltr'><strong>litteras</strong></span> <span class='ocrx_word' id='word_1_151' title='bbox 528 2510 663 2566; x_wconf 87' lang='lat' dir='ltr'><strong>Latinius</strong></span> <span class='ocrx_word' id='word_1_152' title='bbox 680 2510 804 2573; x_wconf 77' lang='lat' dir='ltr'><strong>Pausias,</strong></span> <span class='ocrx_word' id='word_1_153' title='bbox 818 2509 988 2582; x_wconf 86' lang='lat' dir='ltr'><strong>Propraetor</strong></span> <span class='ocrx_word' id='word_1_154' title='bbox 999 2511 1039 2569; x_wconf 88' lang='grc'><strong>66</strong></span> 
     </span>
     <span class='ocr_line' id='line_1_23' title="bbox 111 2607 987 2681; baseline 0 -15"><span class='ocrx_word' id='word_1_155' title='bbox 111 2607 259 2669; x_wconf 83' lang='lat' dir='ltr'><strong>Moesiae.</strong></span> <span class='ocrx_word' id='word_1_156' title='bbox 284 2623 351 2663; x_wconf 85' lang='lat' dir='ltr'><strong>corn</strong></span> <span class='ocrx_word' id='word_1_157' title='bbox 380 2607 529 2673; x_wconf 91' lang='lat' dir='ltr'><strong>militibus,</strong></span> <span class='ocrx_word' id='word_1_158' title='bbox 558 2608 623 2681; x_wconf 88' lang='lat' dir='ltr'><strong>quis</strong></span> <span class='ocrx_word' id='word_1_159' title='bbox 648 2609 741 2681; x_wconf 79' lang='lat' dir='ltr'><strong>Cotys</strong></span> <span class='ocrx_word' id='word_1_160' title='bbox 767 2610 934 2676; x_wconf 88' lang='lat' dir='ltr'><strong>traderetur,</strong></span> <span class='ocrx_word' id='word_1_161' title='bbox 955 2608 987 2666; x_wconf 91' lang='lat' dir='ltr'><strong>iu</strong></span> 
     </span>
     <span class='ocr_line' id='line_1_24' title="bbox 114 2706 987 2781; baseline 0.001 -17"><span class='ocrx_word' id='word_1_162' title='bbox 114 2707 281 2765; x_wconf 76' lang='lat' dir='ltr'><strong>Thraciam</strong></span> <span class='ocrx_word' id='word_1_163' title='bbox 297 2706 388 2761; x_wconf 77' lang='lat' dir='ltr'><strong>misit&#39;</strong></span> <span class='ocrx_word' id='word_1_164' title='bbox 427 2707 631 2778; x_wconf 81' lang='lat' dir='ltr'><strong>Rhescuporis,</strong></span> <span class='ocrx_word' id='word_1_165' title='bbox 651 2707 728 2763; x_wconf 86' lang='lat' dir='ltr'><strong>inter</strong></span> <span class='ocrx_word' id='word_1_166' title='bbox 749 2715 856 2781; x_wconf 70' lang='lat' dir='ltr'><strong>melun</strong></span> <span class='ocrx_word' id='word_1_167' title='bbox 871 2716 899 2765; x_wconf 87' lang='lat' dir='ltr'><strong>et</strong></span> <span class='ocrx_word' id='word_1_168' title='bbox 914 2709 987 2765; x_wconf 85' lang='lat' dir='ltr'><strong>iram</strong></span> 
     </span>
     <span class='ocr_line' id='line_1_25' title="bbox 112 2804 987 2886; baseline 0.001 -24"><span class='ocrx_word' id='word_1_169' title='bbox 112 2811 281 2868; x_wconf 87' lang='lat' dir='ltr'><strong>cunctatus,</strong></span> <span class='ocrx_word' id='word_1_170' title='bbox 296 2804 395 2860; x_wconf 90' lang='lat' dir='ltr'><strong>maluit</strong></span> <span class='ocrx_word' id='word_1_171' title='bbox 410 2805 525 2877; x_wconf 85' lang='lat' dir='ltr'><strong>patrati,</strong></span> <span class='ocrx_word' id='word_1_172' title='bbox 539 2823 626 2878; x_wconf 85' lang='lat' dir='ltr'><strong>qnam</strong></span> <span class='ocrx_word' id='word_1_173' title='bbox 646 2806 757 2886; x_wconf 69' lang='lat' dir='ltr'><strong>incepti</strong></span> <span class='ocrx_word' id='word_1_174' title='bbox 771 2807 907 2865; x_wconf 83' lang='lat' dir='ltr'><strong>facinoris</strong></span> <span class='ocrx_word' id='word_1_175' title='bbox 921 2824 987 2863; x_wconf 84' lang='lat' dir='ltr'><strong>reus</strong></span> 
     </span>
     <span class='ocr_line' id='line_1_26' title="bbox 112 2899 988 2981; baseline 0 -21"><span class='ocrx_word' id='word_1_176' title='bbox 112 2922 197 2960; x_wconf 87' lang='lat' dir='ltr'><strong>esse:</strong></span> <span class='ocrx_word' id='word_1_177' title='bbox 224 2899 312 2958; x_wconf 77' lang='lat' dir='ltr'><strong>occidi</strong></span> <span class='ocrx_word' id='word_1_178' title='bbox 334 2902 424 2977; x_wconf 77' lang='lat' dir='ltr'><strong>Cotyn</strong></span> <span class='ocrx_word' id='word_1_179' title='bbox 443 2903 532 2970; x_wconf 87' lang='lat' dir='ltr'><strong>iubet,</strong></span> <span class='ocrx_word' id='word_1_180' title='bbox 551 2910 717 2979; x_wconf 74' lang='lat' dir='ltr'><strong>mortemque</strong></span> <span class='ocrx_word' id='word_1_181' title='bbox 736 2912 830 2981; x_wconf 79' lang='lat' dir='ltr'><strong>sposste</strong></span> <span class='ocrx_word' id='word_1_182' title='bbox 849 2911 988 2980; x_wconf 77' lang='lat' dir='ltr'><strong>scalptam</strong></span> 
     </span>
     <span class='ocr_line' id='line_1_27' title="bbox 113 3002 989 3075; baseline 0 -17"><span class='ocrx_word' id='word_1_183' title='bbox 113 3002 284 3058; x_wconf 82' lang='lat' dir='ltr'><strong>ementitur.</strong></span> <span class='ocrx_word' id='word_1_184' title='bbox 327 3002 391 3056; x_wconf 90' lang='lat' dir='ltr'><strong>Nec</strong></span> <span class='ocrx_word' id='word_1_185' title='bbox 414 3007 510 3057; x_wconf 89' lang='lat' dir='ltr'><strong>tamen</strong></span> <span class='ocrx_word' id='word_1_186' title='bbox 533 3003 642 3058; x_wconf 80' lang='lat' dir='ltr'><strong>Caesar</strong></span> <span class='ocrx_word' id='word_1_187' title='bbox 664 3003 787 3075; x_wconf 79' lang='lat' dir='ltr'><strong>placitas</strong></span> <span class='ocrx_word' id='word_1_188' title='bbox 807 3005 897 3057; x_wconf 89' lang='lat' dir='ltr'><strong>semel</strong></span> <span class='ocrx_word' id='word_1_189' title='bbox 912 3009 989 3058; x_wconf 87' lang='lat' dir='ltr'><strong>artes</strong></span> 
     </span>
     <span class='ocr_line' id='line_1_28' title="bbox 114 3099 989 3174; baseline -0.002 -17"><span class='ocrx_word' id='word_1_190' title='bbox 114 3100 253 3172; x_wconf 86' lang='lat' dir='ltr'><strong>mutavit,</strong></span> <span class='ocrx_word' id='word_1_191' title='bbox 275 3100 337 3164; x_wconf 89' lang='lat' dir='ltr'><strong>sed,</strong></span> <span class='ocrx_word' id='word_1_192' title='bbox 356 3099 496 3156; x_wconf 77' lang='lat' dir='ltr'><strong>defuncto</strong></span> <span class='ocrx_word' id='word_1_193' title='bbox 521 3101 632 3167; x_wconf 88' lang='lat' dir='ltr'><strong>Pando,</strong></span> <span class='ocrx_word' id='word_1_194' title='bbox 654 3118 739 3174; x_wconf 84' lang='lat' dir='ltr'><strong>quem</strong></span> <span class='ocrx_word' id='word_1_195' title='bbox 761 3101 816 3155; x_wconf 87' lang='lat' dir='ltr'><strong>sibi</strong></span> <span class='ocrx_word' id='word_1_196' title='bbox 844 3099 989 3156; x_wconf 87' lang='lat' dir='ltr'><strong>insensum</strong></span> 
     </span>
     <span class='ocr_line' id='line_1_29' title="bbox 110 3199 990 3273; baseline -0.003 -14"><span class='ocrx_word' id='word_1_197' title='bbox 110 3202 312 3268; x_wconf 86' lang='lat' dir='ltr'><strong>Rhescuporis</strong></span> <span class='ocrx_word' id='word_1_198' title='bbox 327 3203 474 3273; x_wconf 84' lang='lat' dir='ltr'><strong>arguebat,</strong></span> <span class='ocrx_word' id='word_1_199' title='bbox 489 3199 680 3272; x_wconf 86' lang='lat' dir='ltr'><strong>Pomponium</strong></span> <span class='ocrx_word' id='word_1_200' title='bbox 699 3203 847 3265; x_wconf 74' lang='lat' dir='ltr'><strong>Flaccum,</strong></span> <span class='ocrx_word' id='word_1_201' title='bbox 860 3206 990 3256; x_wconf 86' lang='lat' dir='ltr'><strong>veterem</strong></span> 
     </span>
     <span class='ocr_line' id='line_1_30' title="bbox 114 3299 990 3373; baseline -0.01 -16"><span class='ocrx_word' id='word_1_202' title='bbox 114 3300 281 3371; x_wconf 83' lang='lat' dir='ltr'><strong>stipendiis,</strong></span> <span class='ocrx_word' id='word_1_203' title='bbox 296 3304 326 3355; x_wconf 92' lang='lat' dir='ltr'><strong>et</strong></span> <span class='ocrx_word' id='word_1_204' title='bbox 345 3306 407 3356; x_wconf 89' lang='lat' dir='ltr'><strong>arla</strong></span> <span class='ocrx_word' id='word_1_205' title='bbox 426 3317 493 3357; x_wconf 90' lang='lat' dir='ltr'><strong>cnm</strong></span> <span class='ocrx_word' id='word_1_206' title='bbox 509 3301 590 3373; x_wconf 84' lang='lat' dir='ltr'><strong>Rege</strong></span> <span class='ocrx_word' id='word_1_207' title='bbox 612 3299 753 3362; x_wconf 88' lang='lat' dir='ltr'><strong>amicitia,</strong></span> <span class='ocrx_word' id='word_1_208' title='bbox 772 3315 863 3370; x_wconf 90' lang='lat' dir='ltr'><strong>eoque</strong></span> <span class='ocrx_word' id='word_1_209' title='bbox 877 3313 990 3354; x_wconf 84' lang='lat' dir='ltr'><strong>acoom.</strong></span> 
     </span>
     <span class='ocr_line' id='line_1_31' title="bbox 114 3395 990 3474; baseline -0.005 -17"><span class='ocrx_word' id='word_1_210' title='bbox 114 3398 309 3457; x_wconf 83' lang='lat' dir='ltr'><strong>mmlatiorem</strong></span> <span class='ocrx_word' id='word_1_211' title='bbox 330 3400 365 3454; x_wconf 86' lang='lat' dir='ltr'><strong>ad</strong></span> <span class='ocrx_word' id='word_1_212' title='bbox 391 3399 558 3465; x_wconf 80' lang='lat' dir='ltr'><strong>fallendum,</strong></span> <span class='ocrx_word' id='word_1_213' title='bbox 586 3402 624 3454; x_wconf 90' lang='lat' dir='ltr'><strong>ob</strong></span> <span class='ocrx_word' id='word_1_214' title='bbox 652 3400 681 3454; x_wconf 90' lang='lat' dir='ltr'><strong>id</strong></span> <span class='ocrx_word' id='word_1_215' title='bbox 707 3397 837 3474; x_wconf 81' lang='lat' dir='ltr'><strong>maxime</strong></span> <span class='ocrx_word' id='word_1_216' title='bbox 861 3395 990 3453; x_wconf 87' lang='lat' dir='ltr'><strong>Moesiae</strong></span> 
     </span>
     <span class='ocr_line' id='line_1_32' title="bbox 112 3489 1077 3571; baseline -0.001 -18"><span class='ocrx_word' id='word_1_217' title='bbox 112 3497 270 3571; x_wconf 77' lang='lat' dir='ltr'><strong>praefecit.</strong></span> <span class='ocrx_word' id='word_1_218' title='bbox 313 3498 439 3553; x_wconf 85' lang='lat' dir='ltr'><strong>Flaccus</strong></span> <span class='ocrx_word' id='word_1_219' title='bbox 466 3498 497 3554; x_wconf 92' lang='lat' dir='ltr'><strong>in</strong></span> <span class='ocrx_word' id='word_1_220' title='bbox 527 3497 687 3553; x_wconf 87' lang='lat' dir='ltr'><strong>Thraciam</strong></span> <span class='ocrx_word' id='word_1_221' title='bbox 720 3504 912 3569; x_wconf 84' lang='lat' dir='ltr'><strong>transgressus</strong></span> <span class='ocrx_word' id='word_1_222' title='bbox 930 3489 1043 3566; x_wconf 64' lang='lat' dir='ltr'><strong>¹pardi</strong></span> <span class='ocrx_word' id='word_1_223' title='bbox 1071 3557 1077 3569; x_wconf 40' lang='lat'><strong><em>¹</em></strong></span> 
     </span>
     <span class='ocr_line' id='line_1_33' title="bbox 113 3594 993 3673; baseline -0.005 -18"><span class='ocrx_word' id='word_1_224' title='bbox 113 3594 252 3671; x_wconf 82' lang='lat' dir='ltr'><strong>ingentia</strong></span> <span class='ocrx_word' id='word_1_225' title='bbox 272 3596 421 3669; x_wconf 85' lang='lat' dir='ltr'><strong>promissa,</strong></span> <span class='ocrx_word' id='word_1_226' title='bbox 436 3595 570 3673; x_wconf 88' lang='lat' dir='ltr'><strong>quamvis</strong></span> <span class='ocrx_word' id='word_1_227' title='bbox 590 3594 757 3672; x_wconf 81' lang='lat' dir='ltr'><strong>ambiguum</strong></span> <span class='ocrx_word' id='word_1_228' title='bbox 771 3601 801 3654; x_wconf 89' lang='lat' dir='ltr'><strong>et</strong></span> <span class='ocrx_word' id='word_1_229' title='bbox 814 3599 927 3655; x_wconf 86' lang='lat' dir='ltr'><strong>scelera</strong></span> <span class='ocrx_word' id='word_1_230' title='bbox 940 3611 993 3652; x_wconf 85' lang='lat' dir='ltr'><strong>saa</strong></span> 
     </span>
    </p>
   </div>
   <div class='ocr_carea' id='block_1_3' title="bbox 0 0 1238 4267">
    <p class='ocr_par' dir='ltr' id='par_1_3' title="bbox 0 0 1238 4267">
     <span class='ocr_line' id='line_1_34' title="bbox 0 0 1238 4267; baseline 0 0"><span class='ocrx_word' id='word_1_231' title='bbox 0 0 1238 4267; x_wconf 95' lang='lat' dir='ltr'><strong> </strong></span> 
     </span>
    </p>
   </div>
  </div>
 </body>
</html>
