2459 4267
81 385 115 435 a.
133 384 221 432 curs.
344 378 413 426 mn.
440 380 517 428 xru.
564 381 643 428 cnr.
670 363 704 428 2.
724 362 756 427 3.
895 363 963 428 351

83 542 154 595 tate
170 533 336 613 potentiae)
349 536 518 606 concordes,
532 535 650 593 diversa
663 541 725 592 arte
750 553 788 592 ex
803 534 896 610 aequo
910 537 970 608 pol·

81 639 217 709 lebant:
242 636 349 692 Burrus
377 635 550 692 militaribus
574 634 653 692 curis
675 641 705 690 et
728 635 887 691 severitate
902 649 970 691 ¹mo·

84 752 178 804 rum;
214 735 330 790 Seneca
365 733 528 807 praeceptis
556 734 759 817 eloquentiae·
773 738 803 790 et
829 733 969 790 comitate

84 834 237 890 honesta:
268 832 404 889 iuvantes
432 833 583 900 invicem,
601 850 659 907 quo
686 832 801 888 lucilius
829 833 968 889 lubricam

87 931 244 1004 Principis
258 936 393 1000 aetatem,
416 931 441 987 si
467 931 604 989 virtutem
625 933 855 1004 adspernamur,
870 934 969 1004 volup

87 1031 204 1088 tatibus
218 1029 371 1103 concessis·
378 1030 545 1087 retinerent.
587 1030 745 1088 Certamen
755 1032 866 1105 utrique
880 1048 969 1088 unum

90 1135 158 1186 erat
173 1134 276 1185 contra
297 1128 434 1185 ferociam
460 1129 652 1203 Agrippinae,
676 1149 749 1203 quae
774 1131 888 1188 cunctis
912 1149 969 1186 ma·

92 1230 145 1284 lae
174 1226 382 1283 dominationis
409 1227 596 1300 cupidinibus
623 1228 758 1300 flagrans,
785 1229 910 1284 babebat
937 1230 969 1285 in

92 1326 228 1400 partibus
244 1327 425 1396 Pallantem
440 1344 497 1401 quo
510 1311 638 1393 auctore,
653 1327 794 1383 Claudius
808 1327 917 1399 nuptiis
928 1328 970 1382 in·

44 1496 54 1511 Ι
94 1425 188 1483 uestis
206 1431 235 1482 et
250 1425 406 1498 adoptione
427 1425 552 1482 exitiosa
572 1430 665 1482 semet
680 1430 867 1498 perverterat.
910 1427 969 1482 Sed

94 1543 195 1599 neque
218 1525 344 1582 *Neroni
371 1525 445 1581 inlra
472 1542 572 1581 servos
600 1524 750 1599 ingenium
765 1530 781 1596 ;‘
805 1532 835 1582 et
863 1526 970 1592 Pallas,

95 1624 175 1681 tristi
191 1623 367 1696 'adrogantia
381 1625 496 1680 modum
512 1623 607 1681 liberti
630 1643 769 1699 egressus,
785 1620 912 1683 taedium
926 1623 970 1681 sni

94 1728 240 1779 moverat.
282 1723 435 1796 Propriam
460 1727 673 1780 tamenomnes
696 1725 728 1780 in
753 1743 818 1782 eam
843 1727 967 1782 honores

96 1823 327 1891 cumulabantur,
358 1821 538 1895 signumque,
571 1839 650 1878 more
688 1822 820 1890 militiae,
857 1825 970 1895 petenti

93 1922 231 1979 Tribuno
243 1921 333 1987 dedit,
355 1938 492 1977 corinna
514 1939 642 1977 narnis.
687 1922 810 1978 Decreti
830 1928 892 1978 eta
918 1925 970 1980 Se·

96 2026 167 2076 natu
181 2017 235 2074 duo
253 2017 373 2085 lictores,
395 2016 566 2075 Flonsinr'urn
589 2017 744 2086 Claudiole,
765 2020 850 2076 simul
886 2018 970 2076 Cluu-

98 2116 144 2174 dr'o
158 2114 322 2174 Censorium
333 2114 438 2194 finnus,
452 2121 482 2173 et
496 2134 564 2177 mox
588 2115 765 2175 consecratio.
807 2118 866 2175 Die
890 2118 1001 2178 lune-3

128 2294 239 2340 Comitate
248 2292 344 2354 honesto]
377 2293 459 2340 Utmm
475 2308 502 2339 ue
509 2294 618 2351 juventae
628 2293 723 2340 Neronis
735 2293 898 2340 moderatorem
908 2310 970 2353 egre·

97 2353 133 2412 gie
142 2353 250 2456 exXressit
258 2354 295 2398 cl.
315 2354 416 2407 Raetus,
427 2307 515 2412 preiace
524 2355 553 2398 dr
564 2354 717 2399 Britannicus:
734 2353 768 2398 Its
783 2354 969 2410 etoierusurneus‘,

98 2413 166 2459 Burr
181 2426 209 2458 ur
217 2426 322 2467 pourson
342 2413 465 2468 eaperienee
476 2426 504 2458 en
520 2427 599 2464 armen
619 2419 641 2457 et
656 2427 714 2468 pour
732 2414 754 2458 lo
773 2413 865 2458 reveriti
882 2414 920 2458 dee
939 2428 970 2458 rer

98 2469 205 2526 moeurs,·
220 2470 317 2529 Senaque
334 2485 392 2527 pour
401 2485 440 2515 son
455 2471 567 2528 eloquente
579 2477 598 2516 et
608 2473 628 2516 le
639 2476 689 2516 tour
696 2473 798 2531 rgrcndle
807 2472 833 2516 de
844 2486 882 2517 son
895 2473 968 2528 erprs't.

99 2532 123 2576 si
140 2529 190 2589 quis
209 2544 263 2575 vero
280 2536 375 2590 quantus
393 2534 488 2590 quantus
505 2531 534 2574 sit
554 2531 653 2585 Tacitus,
673 2544 739 2590 quam
759 2530 857 2576 sensibus
876 2532 969 2584 validus,

98 2604 166 2648 quam
185 2588 328 2634 fecundandis
347 2589 440 2646 ingeniis
460 2589 508 2634 locu
525 2590 558 2633 les
577 2589 634 2633 velit
653 2588 787 2647 intelligere,
809 2591 867 2635 hanc
884 2589 971 2636 Recine

97 2647 248 2705 tragoediam,
271 2647 306 2692 cui
327 2662 406 2692 nomeu
426 2646 478 2691 lecit
525 2649 659 2702 rituum'eus,
679 2649 754 2703 legat:
780 2654 931 2710 quantumque
947 2650 970 2695 in

98 2713 202 2753 veterum
218 2706 343 2751 imitatione
353 2706 381 2751 sit
397 2707 540 2751 emolumenti
556 2708 626 2752 discat
644 2707 793 2755 mirabundus.
827 2709 916 2755 lavaret
935 2710 971 2754 hic

99 2766 198 2824 singulas
219 2766 282 2821 hujus
302 2765 431 2823 tragoediae
454 2780 559 2824 personas
578 2768 710 2826 expendere,
736 2769 837 2829 et,quod
863 2770 971 2814 amultis

95 2825 250 2881 efflagitatum,
262 2825 311 2868 loen
320 2825 396 2869 omnia
405 2838 463 2894 quae
473 2840 487 2869 a
504 2826 585 2870 Tacito
596 2827 631 2870 vel
643 2827 840 2886 interpretatione,
851 2829 887 2873 vel
899 2828 971 2873 imita·

99 2884 170 2937 tione,
181 2890 293 2928 rnruuatns
309 2888 344 2928 est
358 2882 451 2935 Recine,
469 2898 603 2941 congerere,
628 2888 839 2944 praestantissimum
856 2903 884 2931 ue
903 2888 971 2932 bisto-

96 2944 166 2988 rionm
176 2956 226 2986 cum
238 2942 426 3000 praestantissimo
435 2952 502 3000 poeta
512 2944 618 2987 conterre.
629 2950 674 2988 etc.
702 2944 827 2991 Broterinr.
841 2903 905 2991 ti'lde
913 2946 968 3001 eJ'us·

100 3001 151 3045 dem
163 3000 236 3046 Notas
247 3006 270 3044 et
279 3001 443 3046 Annotationes
452 3001 480 3045 ad
492 3002 572 3046 Antral.
584 3001 651 3046 Xlll.
662 3005 684 3046 2.

129 3078 227 3135 Signum
237 3092 296 3122 more
305 3077 407 3140 militine]
439 3079 528 3135 Signum
542 3078 588 3124 sive
598 3084 681 3124 tessera
690 3093 777 3139 semper
787 3080 894 3126 Tribunis
909 3082 970 3138 data,

99 3136 169 3182 etiam
182 3138 239 3196 Rep.
251 3136 350 3238 antipua.
363 3137 441 3183 bivios
457 3141 493 3193 28,
510 3142 545 3184 24.
577 3136 659 3182 Formo
674 3142 746 3182 tumen
756 3139 908 3184 Rornanorum
927 3156 972 3187 cns·

100 3202 189 3241 trorum
205 3196 305 3241 constabo
325 3228 367 3241 ...
384 3196 441 3254 puori
458 3196 572 3242 Tribunos
592 3200 612 3240 et
632 3196 685 3241 iuro
695 3197 787 3241 reddere
807 3196 834 3241 in
850 3199 970 3254 principiis

100 3255 209 3308 sinebant,
221 3259 241 3299 el
250 3254 378 3310 signumad
392 3256 422 3300 a'ir
437 3256 545 3311 petebant,
556 3255 611 3300 eliu
627 3254 728 3301 stationes
740 3270 766 3299 oe
784 3255 874 3311 uigilias
891 3259 971 3304 ordine

99 3313 170 3358 ibant.
203 3312 309 3359 Dabatur
326 3313 455 3366 nconsule,
471 3315 586 3370 Praetore,
601 3327 658 3359 eove
676 3313 713 3373 qui
730 3313 836 3359 exercitui
850 3315 892 3360 toti
908 3331 971 3376 prae·

101 3379 157 3416 erat.
191 3373 253 3418 ldem
265 3370 342 3416 Livius
352 3371 382 3416 ib.
394 3376 429 3419 27.
445 3371 476 3418 ln
486 3371 602 3418 Praetorio
612 3373 752 3418 tetenderunt
761 3373 843 3418 Albius
852 3379 872 3417 et
882 3376 970 3430 Atrius,

103 3431 220 3477 eburisum
235 3429 297 3485 opud
306 3444 339 3474 eor
348 3431 434 3489 recinit,
450 3431 541 3488 signum
555 3433 583 3476 ab
600 3432 629 3477 iis
642 3431 735 3487 petitum
744 3436 782 3476 est.
815 3436 846 3477 nt
863 3435 971 3491 praetorii

103 3488 213 3535 Tribunus
224 3503 238 3532 a
247 3489 297 3534 solo
309 3488 416 3547 Principe.
451 3492 504 3536 ldeo
521 3505 586 3550 snpra
598 3494 618 3545 l,
627 3497 647 3537 7.
664 3490 792 3548 intersigna
807 3492 893 3550 accepti
903 3493 972 3553 impe-

100 3547 127 3592 rii
138 3551 231 3594 'l'acltus
241 3546 327 3607 posuit:
345 3547 457 3606 Defuncto
467 3551 576 3606 Augusto,
592 3551 684 3607 signum
705 3548 826 3595 Praetoriis
841 3550 971 3613 cohortibus,

103 3610 129 3653 ut
135 3606 267 3668 Imperator,
278 3605 374 3652 dederet.
406 3608 478 3669 Super
486 3609 529 3665 buc
538 3622 562 3654 re
572 3609 637 3670 plura
647 3608 668 3654 in
680 3609 779 3656 Excussa
791 3612 818 3656 Δ.
850 3608 912 3667 Lipr.
