2459 4267
245 340 293 408 62
463 403 467 410 ,
574 361 762 411 snusmvn
977 366 1006 413 r.
1023 366 1119 415 uras

245 514 409 574 Manebaut
431 514 520 573 etiam
548 519 609 573 tunr
634 516 763 591 vestigia
789 517 942 576 morientis
966 519 1123 578 libertatis.

245 614 338 690 Igitur
352 616 408 673 (lu.
434 614 512 682 Piso,
533 616 633 687 ‘Qum
656 615 761 690 iuquit,
788 618 856 674 loco
876 618 1022 684 censebis,
1045 620 1122 676 Gae-

244 712 337 772 ‘sari
357 714 384 772 si
407 714 525 788 primus,
547 715 663 771 habebo
684 717 760 789 quod
774 733 897 790 sequar:
919 717 944 774 si
967 724 1032 790 post
1059 735 1121 775 onr-

245 818 332 879 ‘uen
358 830 472 882 vereor,
498 832 537 871 ue
551 812 720 886 imprudens
733 813 924 873 dissentiam?
975 816 1128 874 Permotus

243 912 300 980 hie,
319 916 483 988 quantoque
503 912 649 970 incautius
676 914 839 982 efferverat,
861 915 1045 988 poenitentis
1073 933 1125 989 pa·

245 1010 322 1068 tiens
347 1011 423 1077 tulit,
443 1010 558 1068 absolvi
584 1028 665 1069 reum
692 1013 861 1071 criminibus
888 1015 1061 1072 maiestatis.
1083 1016 1123 1071 de

194 1113 235 1177 75
246 1108 378 1184 pssumis
405 1109 573 1182 repetundis
592 1113 629 1167 ad
654 1112 865 1185 reciperatores
877 1114 950 1170 itum
964 1118 1019 1170 est.
1050 1108 1122 1172 Ne'c

247 1210 365 1270 Petrum
400 1209 615 1285 cognitionibus
653 1209 785 1279 satiatus,
819 1211 937 1269 iudiciis
966 1211 1125 1269 adsidebat

242 1308 278 1367 iu
297 1325 387 1366 cornu
402 1309 563 1376 tribunalis,
577 1326 614 1366 ne
643 1316 805 1382 praetorem
831 1310 925 1368 curuli
950 1312 1128 1383 depelleret,

246 1409 393 1482 multaque
422 1425 459 1465 eo
489 1424 587 1466 coram
615 1409 755 1466 adversus
780 1410 926 1467 ‘ambitum
956 1415 987 1465 et
1017 1416 1123 1482 poten·

247 1505 319 1565 tium
339 1523 440 1580 preces
453 1504 621 1565 constituta.
646 1509 698 1565 sed
712 1510 781 1566 duur
805 1508 924 1566 veritati
949 1510 1126 1579 ementitur,

246 1606 365 1664 libertas
389 1607 632 1680 corrumpebatur
673 1608 755 1665 Inter
775 1624 849 1681 quae
874 1608 944 1664 Pius
974 1608 1129 1679 Aurelius,

249 1706 383 1772 Senator,
406 1709 533 1780 questus,
553 1703 624 1762 mole
641 1704 773 1781 publicae
792 1707 853 1763 cine
874 1704 1009 1781 diemque
1032 1722 1127 1782 aqna·

246 1820 311 1860 rana
324 1802 477 1881 hbp'sdas
490 1802 569 1861 cedia
595 1821 673 1872 neus,
693 1804 835 1862 auxilium
857 1805 976 1863 Petrum
1003 1806 1130 1864 invoca-

247 1904 306 1962 bat.
327 1902 527 1961 resistentibus
551 1902 657 1961 aerarii
670 1902 865 1971 Praetoribus,
892 1905 1032 1962 subvenit
1046 1906 1128 1963 Cae·
1149 1895 1160 1906 ⁰

249 2020 305 2071 sar,
325 2002 505 2078 pretiumque
531 2003 649 2060 aedium
675 2003 798 2065 Aurelio
816 2002 930 2072 tribuit,
956 2005 1125 2078 erogandae

250 2121 302 2177 per
321 2104 443 2161 honesta
471 2103 613 2175 pecuniae
639 2103 786 2176 cupiens:
806 2119 893 2177 quam
921 2103 1057 2160 virtutem
1071 2104 1126 2161 diu

162 2271 168 2286 ,
250 2202 380 2269 retinuit,
406 2219 472 2260 cum
498 2207 611 2259 ceteras
642 2206 780 2258 exueret:
834 2200 987 2273 Propertio
1013 2202 1126 2269 Celeri,

251 2297 410 2370 Praetorio,
438 2302 556 2360 veniam
580 2300 691 2359 ordinis
710 2302 749 2357 ob
775 2305 977 2374 paupertatem
1000 2301 1126 2373 petenti,

250 2400 352 2459 decies
364 2402 529 2458 sestertium
543 2401 663 2475 largitus
686 2406 740 2465 est,
754 2399 825 2457 satis
849 2406 1008 2472 comperto,
1032 2405 1127 2473 pater·

181 2561 186 2568 ,
250 2514 304 2556 nas
318 2499 347 2556 ei
360 2499 508 2571 angustias
527 2505 606 2557 esse.
628 2498 768 2556 tentantis
781 2500 885 2556 eadem
909 2499 983 2555 alios
1003 2501 1126 2573 probare

250 2612 382 2653 caussam
398 2596 521 2653 Senatui
547 2597 640 2666 iussit,
659 2597 797 2670 cupidine
816 2597 995 2666 severitatis,
1018 2597 1049 2654 in
1076 2598 1125 2654 his

251 2694 349 2760 etiam,
363 2710 436 2768 quae
451 2695 506 2751 rite
520 2695 639 2760 laceret,
659 2699 791 2753 acerbus.
811 2697 888 2753 unde
911 2696 1004 2754 ceteri
1031 2697 1122 2754 silen-

250 2792 323 2851 tium
343 2796 373 2850 at
393 2799 592 2867 paupertatem
618 2795 795 2853 confessioni
814 2801 846 2852 et
877 2795 1024 2856 beneficio
1042 2813 1126 2870 prae·

250 2909 381 2969 posuere.

162 2989 171 2995 ’
198 3019 240 3082 73
290 2992 405 3051 Eodem
431 3007 510 3051 anno
531 2992 680 3052 continuis
705 2992 845 3051 imbribus
873 2998 976 3051 auctus
1004 2992 1126 3051 Tiberis

252 3096 339 3170 plena
353 3091 429 3151 urbis
449 3098 652 3166 stagnaverat:
673 3094 853 3149 relabentem
872 3097 1033 3162 secutaest
1046 3093 1127 3149 aedi·

251 3196 381 3253 liciorum
394 3198 425 3250 et
439 3192 587 3249 hominum
601 3198 718 3264 strages.
763 3191 856 3264 igitur
868 3190 984 3249 censuit
1000 3191 1126 3249 Asinius

209 3304 215 3310 “
252 3295 365 3361 Gallus,
384 3298 416 3349 ut
434 3288 501 3349 libri
523 3287 656 3367 Sibyllini
678 3287 833 3347 adirentur.
856 3289 953 3347 renuit
975 3289 1128 3359 Tiberius,

250 3394 371 3467 perinde
384 3390 487 3448 divina
501 3392 683 3465 humanaque
695 3390 846 3463 obtegens.
890 3390 950 3446 Sed
964 3389 1127 3447 remedium

249 3489 410 3557 coercendi
430 3488 557 3549 fluminis
584 3488 676 3547 Ateio
697 3486 846 3561 Capitoni,
871 3493 902 3545 et
925 3488 962 3547 L.
985 3489 1129 3548 Arruntio
