2459 4267
85 293 119 343 u.
137 289 168 341 c.
183 293 220 378 aa
303 288 448 370 crn.n1.
499 289 579 343 car.
606 270 778 343 2t.-24.
892 273 969 347 253.

87 443 292 504 ‘electionem
326 443 407 501 vitae
437 442 531 505 nobis'
565 444 748 519 relinquuut3
782 449 888 519 ‘qaam
918 446 968 507 ubi

85 544 246 619 ‘elegerin
259 550 371 603 certum
391 543 607 607 imminentium
621 545 762 605 ordinem.
784 562 879 617 neque
890 549 968 605 mala

85 646 167 701 ‘vel
189 646 274 711 bona,
294 661 368 718 quae
400 646 504 718 vulgus
526 651 623 716 putet:
646 647 759 709 multos,
779 644 829 718 qui
849 645 968 703 conflic-

84 742 169 801 ‘tari
189 743 321 801 adversis
342 743 505 810 videantur,
522 745 633 809 beatos,
646 761 681 803 ac
697 746 856 816 plerosque,
870 761 967 818 quam·

87 847 200 918 ‘quam
222 859 342 917 magnas
358 861 408 915 par
421 860 501 915 opes,
514 843 711 913 miserrimum
732 844 757 901 si
777 843 823 900 illi
846 861 967 918 gravem

81 942 257 1001 ‘fortunam
281 947 452 1001 constanter
482 944 617 1009 tolerent,
638 943 668 999 bi
699 960 835 1016 prospera
866 944 966 1001 incon·

85 1043 187 1098 ‘sulte
209 1039 346 1098 utantur!
386 1041 526 1099 Ceterum
556 1041 688 1115 plurimis
718 1045 882 1101 mortalium
905 1060 964 1100 uon

87 1140 243 1207 eximitur,
262 1142 332 1215 quin
346 1147 354 1174 ‘
370 1142 463 1214 primo
484 1140 629 1214 cuiusque
652 1147 716 1197 ortu
737 1148 859 1201 ventura
877 1143 966 1201 desti·

88 1247 97 1274 ‘
113 1246 239 1298 nentur:
259 1242 311 1296 sed
331 1240 473 1314 quaedam
493 1257 589 1305 secus,
618 1257 706 1319 quam
729 1240 812 1298 dicta
831 1241 899 1309 sint,
918 1259 966 1299 ca·

87 1342 190 1409 ‘dere,
210 1339 336 1399 lallaciis
349 1339 451 1413 ignara
465 1338 638 1396 dicentium.
659 1339 701 1395 ita
721 1339 864 1411 corrumpi
878 1339 966 1401 fidem

87 1439 298 1505 ‘antinomias
318 1440 397 1496 clara
418 1439 594 1497 documenta
619 1437 737 1513 amiqua
757 1443 838 1495 aetas
858 1445 888 1494 et
901 1455 966 1497 uos·

88 1543 158 1596 ‘tra
190 1537 307 1595 tulerit.’
361 1538 478 1610 Quippe
508 1554 526 1593 a
556 1537 619 1595 filio
648 1537 778 1595 eiusdem
811 1536 965 1611 Thrasylli

86 1636 272 1712 praedictum
301 1636 426 1693 Neronis
457 1635 610 1709 imperinm
640 1636 671 1694 in
692 1641 823 1709 tempore
855 1654 965 1694 memo·

88 1736 211 1801 rabitur,
231 1754 269 1792 nc
301 1752 378 1793 nunc
397 1735 517 1808 incepto
538 1718 652 1810 lougius
682 1736 813 1793 abierim·
854 1736 1017 1798 Iisdem23

89 1835 271 1894 consulibus
293 1834 393 1895 Asinii
413 1833 494 1892 Galli
514 1851 591 1891 mors
616 1837 759 1908 vulgatur,
779 1850 865 1907 quem
884 1853 965 1909 egea·

88 1939 153 1992 tate
184 1933 245 1991 cibi
279 1939 459 2006 peremptum
489 1934 566 1990 baud
600 1933 739 1991 dubium:
769 1937 883 2003 sponte,
914 1934 963 1990 vel

88 2034 279 2100 necessitate,
299 2034 444 2091 incertum
465 2034 641 2091 habebatur:
662 2036 869 2107 consultusque
890 2035 964 2092 an-

87 2152 146 2201 sar,
165 2150 205 2190 on
216 2131 328 2209 sepeliri
340 2131 451 2200 cineret,
477 2150 535 2190 non
550 2133 663 2190 erubuit
678 2132 855 2205 permittere,
876 2134 962 2193 ultro

82 2252 141 2310 que
162 2234 297 2289 incusare
322 2249 416 2298 cocos,
430 2230 567 2308 patrenus
595 2229 787 2298 abstulissent,
811 2237 960 2306 malequam

77 2312 188 2392 *coram
201 2329 412 2389 convinceretur.
454 2331 590 2396 Scilicet,
603 2330 702 2388 medio
721 2328 848 2387 triennio
861 2329 960 2417 delue-

69 2437 136 2509 ‘rat
157 2439 271 2504 tempus
290 2430 434 2487 subeundi
464 2430 605 2502 iudicium
633 2428 890 2511 consulari-‚seni
917 2430 969 2486 tot'

90 2513 298 2591 consularium
319 2528 441 2601 parenti.
495 2529 606 2586 Drusus
629 2526 737 2586 deiude
757 2526 960 2603 exstinguitur,

88 2647 158 2689 cum
188 2647 221 2686 se
249 2627 419 2687 miserandis
451 2627 608 2693 alimentis,
635 2629 801 2709 mandendo
830 2626 962 2687 acubili

68 2734 233 2794 tomento,
265 2744 372 2784 nouum
403 2728 441 2783 ad
473 2727 552 2784 diem
572 2727 753 2786 detinuisset.
796 2727 960 2795 Tradideru

84 2827 219 2903 quidam,
246 2824 458 2898 praescriptum
484 2824 572 2882 tuisse
586 2826 737 2894 :Macroni
763 2826 789 2884 si
816 2843 896 2884 arma
922 2825 960 2882 ab

40 2981 42 2984 ,
91 2926 203 2985 Seiano
234 2929 424 2991 tentarentur,
454 2930 619 2991 extractum
652 2924 785 2984 custodis
812 2923 961 2991 iuvenem,

91 3022 173 3100 (uam
185 3024 221 3080 in
231 3022 340 3095 palatio
353 3020 551 3099 adtinebatur)
570 3026 676 3081 ducem
690 3023 796 3095 populo
808 3021 959 3094 inponere.

90 3138 171 3189 mox,
183 3122 252 3196 quia
273 3138 367 3178 mmor
388 3122 552 3185 incedebat,
564 3119 641 3198 fore,
665 3126 697 3177 ut
719 3115 806 3176 nomi
819 3134 854 3174 oo
869 3113 961 3191 nepoti

91 3220 287 3278 conciliaretur
316 3219 432 3290 Caesar,
455 3220 609 3279 saevitiam
637 3234 722 3293 quam
750 3213 961 3288 poenitentiam

89 3321 204 3377 maluit.
261 3316 342 3392 Quin
366 3326 396 3376 et
415 3319 553 3377 invectus
579 3317 611 3375 in
638 3315 815 3382 defunctum,
832 3310 1011 3389 .‘probra24

89 3419 256 3491 leomeris,
281 3417 464 3475 exitiabilem
490 3417 522 3474 iu
552 3433 629 3488 suos,
651 3415 796 3472 insensum
822 3412 957 3484 Reipubl.

81 3516 247 3585 fanimum'
256 3518 385 3577 obiecta:
400 3516 592 3591 {metrumne
605 3516 748 3577 uotorum
760 3513 958 3588 dictorumque

128 3633 196 3673 von.
218 3634 240 3673 r.
518 3618 556 3670 22
950 3624 957 3637 ’
