2459 4267
1222 15 1228 313 i

297 338 369 408 328
618 358 802 409 urrunnu
1016 361 1049 409 n
1064 359 1094 408 v.
1113 361 1167 411 om.

295 513 493 572 subderentur.
514 513 615 572 valida
638 518 668 570 et
681 500 864 571 lecta'armis
876 510 1018 570 inventns
1031 511 1171 586 Regnum
1226 528 1227 563 t

296 612 522 673 eiusiuvadunt.
543 613 620 688 quod
634 612 716 671 nobis
724 611 907 686 praevisum:
929 618 960 668 et
975 611 1086 669 misam
1100 628 1172 668 aux-

297 710 350 769 itio
362 711 496 770 cohortes
509 728 577 768 aere
592 711 732 784 praetium
751 710 865 779 tecere3
886 709 981 774 cuius,
1008 709 1101 767 initio
1115 725 1173 767 am·

298 810 395 886 bigne,
416 808 482 867 finis
497 811 600 867 laetior
612 809 675 866 tuit.
716 810 823 883 Neque
836 807 947 880 dispari
964 815 1084 864 eventu
1106 824 1173 880 pog-

297 914 396 967 natum
410 926 426 964 a
442 908 566 981 legione,
585 906 633 964 cni
648 907 772 964 Caesius
793 906 903 963 Nasica
915 912 1065 979 praeerat.
1091 906 1169 962 Nam

296 1006 411 1073 Didius.
429 1010 583 1063 senectute
607 1006 708 1079 gravis
726 1011 756 1062 et
778 1006 868 1063 muita
894 1004 982 1076 copia
1011 1005 1170 1069 honorum,

294 1120 346 1177 per
364 1101 511 1160 ministros
525 1120 622 1177 agere,
635 1110 666 1160 et
680 1119 779 1160 arcere
794 1103 917 1169 hostem,
931 1101 1006 1159 natis
1031 1102 1171 1159 habebat.

295 1202 390 1267 Haeo,
402 1218 576 1276 quamquam
603 1202 760 1283 adoption,¹
775 1201 894 1258 Ostorio
919 1200 1084 1274 Didioque‚
1106 1200 1173 1256 Pro·

296 1299 484 1376 praetoribus,
513 1303 609 1373 pturer
643 1318 695 1374 per
718 1317 811 1357 annos
832 1304 925 1372 genta,
954 1299 1115 1365 coniunxi,
1136 1315 1172 1356 ne

294 1398 401 1466 divisa,
425 1400 501 1456 haud
529 1398 649 1471 perinde
679 1398 717 1455 ad
750 1398 921 1455 memoriam
947 1397 994 1454 sui
1024 1399 1170 1455 valerent.

295 1495 345 1555 Ad
361 1502 520 1568 temporum
534 1496 666 1554 ordinem
678 1498 773 1554 redeo.
1036 1484 1041 1490 ⁴

241 1592 279 1651 41
334 1592 385 1650 Ti.
401 1592 526 1651 Claudio
548 1593 691 1668 quintum,
716 1596 779 1651 Ser.
800 1593 941 1652 cornelio
966 1594 1064 1651 Orfito
1086 1609 1170 1651 cose.

293 1689 388 1751 virilis
407 1696 476 1765 toga
490 1692 602 1749 Neroni
626 1697 779 1760 maturata,
799 1710 856 1767 qno
874 1694 1079 1766 capessendae
1102 1689 1169 1748 Rei·

293 1790 372 1864 pnbt.
398 1789 505 1847 habitis
531 1790 688 1849 videretur.
741 1791 787 1849 Et
814 1792 926 1849 Caesar
950 1790 1170 1849 adulationibus

295 1889 421 1947 Senator
451 1888 545 1946 tibens
572 1888 670 1955 cessit,
704 1893 755 1945 ‘ut
780 1888 922 1968 vicesimo
952 1889 1062 1946 aetatis
1090 1903 1168 1945 auno

294 1987 505 2046 ‘Consulatum
519 1988 599 2043 Nero
619 1986 720 2043 iniret:
744 1992 831 2061 atque
845 1987 962 2044 interim
987 1986 1170 2060 designatus,

294 2086 522 2144 ‘Proccmutarc
549 2076 701 2158 imperium
724 2091 809 2142 extra
833 2087 932 2142 orbem
957 2085 1093 2151 haberet,
1127 2100 1163 2140 ao

294 2182 450 2260 ‘Princeps
469 2181 616 2240 inarmatis
629 2181 840 2255 adpellerent!
881 2182 1026 2240 Additum
1046 2182 1167 2240 nomine

293 2282 356 2340 eius
370 2284 541 2340 donativum
562 2283 658 2349 militi,
670 2283 850 2354 congiarium
865 2284 953 2357 plebi.
995 2284 1036 2341 Et
1051 2280 1167 2340 ludicro

293 2382 479 2446 circensium,
492 2383 568 2456 quod
589 2382 774 2456 adquirendis
789 2378 871 2456 vulgi
893 2381 996 2439 studiis
1016 2384 1167 2447 edebatur,

293 2480 482 2551 Britannicus
496 2479 526 2537 in
549 2485 711 2552 praetexta,
731 2481 812 2536 Nero
836 2464 1004 2553 triumphali
1016 2498 1087 2539 cum
1103 2497 1166 2537 ves·

293 2582 332 2643 te,
346 2579 506 2635 transvecti
519 2585 596 2635 nunt.
637 2578 793 2652 Spectaret
808 2581 937 2652 populus,
958 2579 1037 2637 hunc
1058 2583 1163 2637 decore

293 2674 491 2746 Imperatorio,
517 2675 599 2733 ittum
630 2677 735 2749 puerili
761 2677 869 2743 habitu,
895 2693 930 2733 ac
959 2677 1082 2750 perinde
1110 2677 1163 2732 for·

289 2776 391 2829 tunam
418 2771 562 2845 utriusque
592 2779 796 2845 praesumeret.
852 2774 955 2841 Simul,
978 2775 1028 2849 qui
1054 2776 1161 2833 Centu-

292 2870 403 2928 tionum
419 2868 673 2945 Tribunorumque
687 2880 794 2930 sortem
808 2872 973 2930 Britannici
986 2873 1162 2930 miseraban-

294 2975 347 3035 tur,
369 2966 471 3025 remoti
493 2969 569 3025 fictis
590 2971 711 3037 canesio,
733 2978 763 3028 et
784 2971 835 3027 atii
849 2988 899 3044 per
919 2970 1050 3044 speciem
1075 2972 1163 3027 hono·

295 3069 343 3126 ris.
358 3069 447 3124 etiam
472 3066 638 3125 libertorum
659 3070 685 3125 si
705 3069 768 3144 quis
783 3068 948 3142 incorrupta
962 3069 1028 3137 fide,
1042 3066 1163 3140 depetti·

295 3173 348 3236 tur,
362 3167 415 3223 tati
428 3165 593 3227 occasione.
635 3167 726 3223 Obvii
749 3166 826 3223 inter
847 3184 889 3232 se,
913 3167 995 3223 Nero
1014 3162 1161 3223 Britanni·

295 3328 350 3399 siatj.
382 3327 496 3397 Numquid
513 3328 563 3432 glis
575 3327 742 3397 ignominiomm
761 3324 929 3431 'mimmii
936 3324 999 3430 {affe
1016 3325 1090 3434 iffi
1099 3322 1158 3429 alodi.

293 3390 389 3491 iiim
420 3387 797 3500 liiiii’aieaiiiiaiffi'imfflm
811 3388 1161 3500 1’diiiicridiuisrimrirignnirri

292 3503 625 3613 ἓοοῗῐωιὶρπὲνριὶωεωοῑοε,
637 3517 704 3567 quam
720 3502 822 3553 Tacitum
832 3502 939 3549 memoria
946 3501 1042 3564 lapsum,
1052 3506 1077 3548 ut
1085 3501 1158 3564 placa·

351 3575 390 3621 rpsr
406 3593 412 3606 .
467 3576 506 3609 rc.
1090 3578 1093 3583 ¹
