2459 4267
304 298 380 385 264
528 368 534 385 ,
611 316 817 379 ,aanmtvn
1035 323 1064 370 a
1080 322 1108 370 v.
1124 324 1168 372 rsa

305 477 523 541 ‘reverentiam
542 476 575 536 in
597 493 661 545 nos,
673 477 763 534 decus
786 475 906 550 quisque
929 491 1015 533 sunm
1036 481 1067 534 et
1088 477 1168 536 fidem

182 610 191 627 a
305 586 315 615 ‘
329 576 507 639 retinerent?
527 576 598 635 erin
611 593 679 635 oum
702 574 864 649 legionibus
878 574 910 633 in
936 575 1055 649 Syriam
1069 593 1168 635 remea·

252 671 294 737 88
307 679 361 740 vib
401 679 485 751 Quae
510 677 622 739 duabus
648 676 806 734 aestatibus
832 681 926 750 gesta,
938 675 1092 742 coniunxi,
1117 691 1167 750 quo

305 779 499 855 requiesceret
511 776 626 837 animus
645 793 664 832 a
687 772 854 832 domesticis
874 773 969 835 malis.
1012 775 1081 832 Non
1095 774 1167 837 enim

307 881 470 945 Tiberium,
491 892 662 953 quamquam
687 875 815 934 triennio
834 881 898 949 post
912 875 1037 933 eaedem
1063 872 1166 942 Seiani,

303 996 378 1056 quse
401 986 515 1035 ceteros
538 977 652 1034 mollire
666 978 774 1041 solent,
792 974 915 1048 temp'us,
939 991 1054 1047 preces,
1074 975 1165 1041 satias,
1207 994 1208 1035 t

303 1076 486 1151 mitigabant,
498 1074 567 1151 quio
583 1074 707 1143 incerta,
720 1077 770 1133 vel
795 1074 914 1140 abolita,
929 1091 980 1145 pro
994 1069 1165 1148 gravissimis
1207 1058 1208 1129 Ῐ

303 1181 334 1234 et
347 1174 513 1235 recentibus
540 1172 664 1247 puniret.
705 1174 752 1233 lio
765 1180 843 1232 matu
858 1172 1012 1232 Fulcinius
1027 1171 1111 1239 Trio,
1127 1170 1165 1229 in·
1207 1158 1208 1173 ¹

303 1275 433 1352 gruentis
446 1284 631 1334 accusatores
643 1275 720 1333 baud
735 1292 895 1348 perpessus,
908 1272 1050 1345 supremis
1068 1269 1166 1328 tabuiis

303 1378 395 1435 multa
409 1382 438 1433 et
452 1375 563 1435 atrocia
583 1375 614 1431 in
641 1373 822 1439 Macronem,
835 1390 871 1431 ac
896 1373 1067 1459 praecipuos
1089 1372 1166 1428 liber·

303 1477 396 1531 torum
415 1473 560 1555 Caesaris,
573 1472 746 1545 composuit,
759 1472 816 1544 ipsi
826 1470 942 1549 fluxam
958 1469 1036 1529 amia
1047 1475 1165 1534 nomm,

300 1578 328 1630 el
340 1567 469 1629 continuo
481 1570 611 1629 abscessu
624 1569 698 1628 uelut
710 1568 840 1629 exsilium
852 1571 1039 1629 oblectando.
1080 1570 1165 1642 Quae,

303 1672 340 1729 ab
367 1670 520 1728 heredibus
546 1673 705 1737 occultata,
736 1670 853 1728 recitari
899 1670 1041 1728 Tiberius
1067 1670 1164 1728 iussit:

302 1768 475 1846 patientiam
489 1769 632 1827 libertatis
646 1748 760 1828 alienae
774 1775 934 1835 ostentans,
948 1774 980 1826 et
989 1772 1165 1840 contemptor

303 1886 373 1929 suaa
385 1868 533 1929 infamiae.
546 1886 584 1925 au
598 1869 741 1948 scelernm
765 1867 867 1926 Seiani
880 1868 930 1925 diu
954 1868 1079 1934 nescius,
1098 1880 1164 1924 mox

305 1986 418 2045 quoquo
441 1968 527 2026 modo
547 1968 627 2025 dicta
651 1968 762 2041 vulgari
802 1968 939 2033 malebat,
974 1966 1164 2039 veritatisque,

303 2068 352 2126 eui
370 2067 500 2126 adulatio
521 2067 622 2134 officit,
644 2083 697 2139 per
720 2068 823 2139 probra
842 2068 947 2125 saltem
972 2083 1077 2140 gnarus
1095 2063 1166 2123 lieri.

303 2167 413 2226 Iisdem
434 2168 536 2225 diebus
566 2165 694 2224 Grauius
728 2165 900 2232 Martianus,
928 2166 1063 2232 Senator,
1086 2182 1104 2221 a
1130 2161 1164 2220 c.

303 2266 442 2329 Graccho
450 2267 610 2325 maiestatis
620 2268 788 2341 postulatus,
800 2267 861 2325 vim
872 2267 950 2323 vitae
964 2284 1034 2324 suae
1047 2262 1163 2323 adtulit:
1207 2264 1208 2309 l

304 2366 467 2442 'l'utiusque
481 2367 649 2432 Gratianus,
665 2366 802 2423 Praetura
826 2366 952 2431 iunctus,
975 2368 1042 2440 lega
1066 2364 1165 2422 eadem

250 2464 292 2524 39
303 2473 465 2524 extremum
486 2468 522 2523 ad
550 2463 723 2540 srurplicium
756 2466 919 2524 damnatus.
960 2464 1027 2523 Nec
1043 2465 1164 2537 dispares

303 2565 487 2623 Trebelliani
503 2566 567 2622 uuo
582 2572 612 2623 et
637 2564 734 2622 Sextii
759 2563 922 2622 Paconiani
943 2565 1050 2625 exitus.
1091 2565 1163 2621 Nam
1207 2586 1208 2635 p

302 2661 509 2720 Trebellianus
531 2682 582 2719 ana
601 2682 688 2720 manu
702 2662 829 2732 cecidit;
851 2662 1036 2722 Paconianus
1056 2662 1087 2721 in
1108 2677 1164 2719 aar

301 2773 378 2826 cere,
391 2762 429 2816 ob
452 2760 583 2818 carmina
596 2761 701 2819 illicio
722 2761 890 2837 Principem
913 2762 1057 2830 lectitata,
1079 2767 1164 2818 strab·
1207 2736 1208 2817 i

297 2861 415 2935 gulatus
441 2866 495 2916 est.
536 2860 621 2918 liaeo
654 2860 793 2919 Tiberius
824 2880 882 2918 non
917 2854 1057 2929 mari‚'ut
1089 2858 1164 2925 olim,
1207 2848 1208 2941 l

301 2959 423 3027 divisus,
447 2976 540 3034 neque
564 2977 616 3031 per
649 2960 821 3034 longinquos
855 2960 971 3018 nuntios
995 2958 1164 3034 accipiebat·

298 3060 354 3119 sed
368 3063 467 3117 urbem
481 3060 580 3127 insta;
601 3061 704 3116 eodem
718 3066 748 3115 nt
762 3059 820 3127 die,
835 3061 882 3116 vel
898 3057 994 3117 noetis
1005 3058 1164 3121 interiectu,

303 3158 408 3239 littaris
448 3159 606 3216 Consulum
647 3158 837 3215 rescriberet:
877 3158 960 3233 quasi
1004 3156 1162 3230 adspiciens

303 3259 461 3317 undantem
476 3276 525 3331 per
538 3260 639 3315 domos
659 3257 841 3330 sanguinem,
862 3265 911 3315 aut
931 3273 1032 3314 manua
1056 3251 1163 3314 earnifi-

303 3375 380 3415 cum.
421 3357 496 3414 Fine
511 3357 579 3414 anni
606 3356 759 3429 Poppaeus
785 3355 911 3413 Sabinus
935 3354 1080 3413 concessit
1095 3351 1161 3415 vita,
1207 3388 1208 3401 ,

201 3539 205 3544 q
303 3457 433 3512 modicus
446 3456 575 3529 originis.
591 3455 758 3529 Principum
773 3454 903 3512 amicitia
928 3454 1117 3513 Consulatum
1130 3463 1164 3507 ao

303 3552 476 3647 triumphale
502 3557 592 3614 decus
622 3555 764 3630 adeptus:
788 3554 981 3631 maximisque
1009 3545 1163 3630 provinciis
