2459 4267
79 383 112 431 u.
129 380 159 430 c.
174 382 212 429 ss.
318 371 390 429 nra·
419 380 482 428 ιιι,
532 380 611 428 our.
639 359 808 428 55.-58.
885 359 959 428 339

82 534 174 593 tectis
188 533 315 593 naribus
327 534 507 593 obtinebant.
549 535 642 609 Ripns
655 539 686 593 et
705 538 807 602 colles,
821 551 856 592 oc
878 552 958 592 mon·
1074 614 1078 619 δ

83 632 160 691 tium
178 634 267 704 edita,
290 633 322 691 in
349 624 467 691 modum
492 634 601 691 theatri
624 633 780 691 multitudo
806 635 959 691 innumera

84 733 259 805 comiteris,
268 732 408 806 proximis
419 750 436 790 e
449 731 627 806 municipiis,
641 738 672 789 et
686 732 737 789 olii
750 734 820 790 urhe
833 751 871 789 ex
885 734 958 806 ipso,

84 831 205 889 visendi
218 830 356 905 cupidine
370 835 421 888 snt
443 831 540 889 officio
553 831 585 888 in
608 831 786 904 Principem.
828 833 896 904 lpse
915 832 959 888 in·

86 929 164 1004 signi
178 931 394 1003 paludamento,
407 947 502 1004 neque
515 933 618 1003 procul
643 930 807 1004 Agrippina
828 933 958 1005 chlamy·

85 1030 124 1086 de
146 1033 255 1095 aurata,
279 1029 458 1102 praesedere.
497 1029 857 1103 Pugnatum,·qusmquom
881 1028 959 1088 inter

87 1133 196 1196 sontes,
211 1127 326 1184 tortium
337 1126 464 1184 virorum
478 1126 594 1186 animo:
615 1144 661 1195 ac,
681 1139 745 1200 post
760 1132 881 1186 multum
896 1124 959 1186 vui·

85 1220 206 1293 nerum,
219 1225 369 1283 occidioni
384 1220 519 1298 'exempti
531 1231 607 1283 sunt.
650 1227 709 1282 Sed
724 1228 854 1297 perlecto
877 1247 957 1300 spec·
968 1231 1011 1293 53

85 1327 212 1388 tuculo,⁴
230 1329 362 1398 apertum
395 1340 533 1398 aquarum
566 1324 632 1380 iter.
701 1325 819 1381 incude
861 1327 958 1398 operis

86 1424 241 1481 manifesta
255 1423 317 1490 iuit,
332 1424 408 1480 haud
422 1423 494 1479 satis
517 1423 648 1495 depressi
669 1424 706 1479 sd
727 1426 808 1480 lacus
827 1425 886 1480 ima
909 1427 957 1481 vel

85 1523 192 1583 medis.
234 1519 344 1597 quue,
363 1527 494 1594 tempore
507 1521 673 1586 interiecto,
683 1522 770 1579 altius
784 1524 880 1580 effossi
895 1542 959 1596 spe·

84 1631 144 1690 cus',
158 1626 193 1678 et
211 1623 429 1679 contrahendae
442 1638 537 1679 rursm
557 1623 745 1689 multitudini,
766 1625 958 1699 gladiatorum

84 1723 286 1795 spectaculum
314 1721 418 1788 editur,
444 1720 707 1793 iuditis‘poutihus
736 1724 898 1794 pedestrem
920 1719 958 1780 ad

83 1836 222 1894 pugnam.
263 1819 343 1892 Quin
357 1826 388 1876 et
401 1820 586 1886 convivium,
606 1820 726 1877 effluvio
750 1822 830 1876 tecue
844 1822 957 1893 adposi-

83 1923 156 1984 tum,
184 1934 291 1992 magns
317 1919 471 1976 tormidine
498 1926 622 1976 cunctos
649 1916 789 1986 adiecit;'
808 1918 874 1993 quia
908 1920 956 1976 vis

82 2033 222 2090 aquarum
257 2033 443 2089 prorumpens
464 2008 596 2090 proxhsa
624 2017 768 2083 trehsbst,
804 2017 956 2076 convulsis

81 2114 278 2181 ulterioribus,
302 2120 352 2172 aut
365 2116 475 2189 fragore
489 2120 519 2171 et
541 2110 639 2172 sonitu
661 2114 819 2172 exterritis.
862 2108 955 2172 Simul

83 2212 261 2286 Agrippino,
289 2213 484 2285 trepidatione
516 2213 664 2286 Principis
698 2230 759 2281 usa,
792 2212 956 2272 ministrum

80 2311 179 2383 operis
193 2310 362 2369 Narcissum
375 2311 491 2369 incusat
503 2309 643 2387 crepidinis
655 2328 690 2368 oc
698 2310 877 2387 proedonem.
898 2329 955 2369 nec
988 2372 992 2381 ,

81 2409 134 2466 ille
146 2409 261 2476 reticet,
275 2407 455 2485 inpotentiam
467 2408 630 2466 nmllcdrem
641 2408 798 2486 pioniusque
820 2427 882 2487 spes
894 2409 955 2467 eius

81 2524 216 2580 arguens.
259 2508 298 2564 D.
310 2508 407 2572 lunio}
422 2509 460 2580 Q.
476 2508 599 2566 Haterio
618 2526 701 2565 coss.
716 2508 845 2566 sedecim
861 2500 952 2566 anuos
965 2524 1008 2581 51}

79 2613 168 2664 natus
180 2606 261 2663 Nero
269 2606 435 2671 Octavium,
443 2606 579 2665 Caesaris
590 2607 688 2675 filiam,
698 2608 730 2665 in
739 2609 953 2668 matrimonium

77 2705 209 2777 ¹occepit.
250 2705 350 2779 thue
364 2706 466 2763 studiis
481 2706 611 2763 honestis
624 2715 654 2763 et
665 2708 848 2783 eloquentiae
862 2709 954 2784 gloria

81 2803 252 2871 nitesceret,
285 2820 389 2860 csussa
422 2803 579 2862 iliensium
607 2812 752 2881 suscepta.
793 2809 954 2865 Resupnum

83 2900 176 2958 Troia
202 2899 360 2969 dnnlssom,
373 2907 400 2958 st
422 2900 513 2958 Iuliae
539 2901 639 2979 stirpen
662 2888 800 2962 sudorem
822 2909 953 2974 Aeneam,

81 3002 198 3075 alisque
213 3001 289 3057 haud
300 3003 400 3073 procul
413 3000 518 3057 tabulis
531 3006 633 3058 vetera
647 3002 772 3059 iocunde
786 3009 952 3071 exsecutus,

80 3108 242 3178 perpetrat,
255 3110 286 3161 stt
295 3102 413 3160 ilienses
433 3107 508 3161 muni
517 3102 632 3180 publico
646 3122 758 3161 monere
771 3105 949 3164 solomonem
981 3164 996 3198 x

81 3204 195 3261 Eodem
219 3207 343 3268 oratore,
364 3203 546 3260 Bononiensi
570 3202 714 3270 coloniae,
735 3203 797 3277 igni
820 3206 951 3274 haustae,

80 3304 257 3359 subventum
289 3301 403 3357 centies
429 3300 557 3358 sestertii
589 3301 752 3376 largitione.
808 3303 954 3361 Redditur

108 3455 261 3511 impetraturi
277 3453 378 3515 ilienses]
410 3454 495 3501 Primus
507 3455 642 3513 Alexander,
652 3463 704 3516 post
721 3470 815 3517 pugnam
832 3455 860 3501 ad
870 3454 951 3503 Grani-

77 3534 127 3565 cum
140 3528 237 3573 amnem,
253 3514 365 3584 emisgoe
381 3533 419 3564 sas
429 3531 504 3585 eosgor
520 3536 570 3567 eum
581 3522 658 3568 urbem
669 3521 830 3582 pronunciavit,
846 3521 877 3567 eit
889 3523 951 3570 Stra·

79 3578 108 3627 bo
127 3580 160 3624 in.
177 3592 201 3638 p.
218 3581 270 3624 593.
287 3580 408 3627 Certamen
423 3581 505 3628 deiude
521 3581 631 3628 Romanis
648 3581 674 3628 iu
689 3580 827 3629 honestanda
844 3581 907 3642 urbe,
925 3588 953 3631 ut

78 3636 211 3696 credebaut,
220 3642 323 3699 parente.
