2459 4267
70 413 211 466 κων.
325 411 396 460 uus.
421 410 484 460 ιη.
534 412 615 459 osu.
642 390 763 460 2.-5.
883 392 960 461 307

75 567 207 627 nomino
221 565 360 625 Censoris
373 565 496 624 serviles
508 564 640 624 fallacias
653 568 804 643 obtegens,
824 568 958 644 iugruan

76 667 217 740 riuosque
236 663 468 722 dominationum
483 665 624 737 provisor,
638 683 697 739 quo
715 667 839 740 gratiam
855 666 959 741 Agrip

76 764 175 838 pinso
208 768 332 836 pararat,
357 763 490 821 consiliis
516 763 579 820 eius
609 763 755 836 inplicari,
781 784 877 823 serere
904 765 960 823 cri·

79 865 170 922 mina
191 862 223 921 in
247 861 389 928 Silanum,
410 861 459 919 cui
478 879 550 919 saue
568 864 675 920 decora
688 870 719 920 et
742 882 850 937 procax
872 881 961 934 soror,

80 962 176 1022 lunia
189 961 327 1025 Calvina,
341 962 417 1018 baud
432 963 552 1019 muitum
571 968 641 1018 aute
654 962 773 1020 Vitellii
792 981 879 1020 nurus
900 962 960 1021 sua·

82 1068 144 1120 sat.
165 1059 235 1117 binc
257 1058 374 1116 initium
400 1059 618 1117 accusationis:
639 1060 812 1135 fratrumque
835 1079 894 1119 nou
916 1061 962 1118 in·

80 1165 211 1226 uentum,
221 1159 282 1215 ‘sed
302 1157 509 1217 incustoditum
522 1175 650 1215 aurorem
663 1160 700 1216 ad
720 1160 869 1218 infamiam
883 1166 962 1217 trax·

83 1258 122 1316 it.
152 1262 184 1315 et
210 1258 367 1331 praebebat
398 1258 509 1315 Caesar
535 1274 628 1323 aures,
658 1259 839 1331 accipiendis
859 1259 960 1338 adven

84 1370 154 1414 suan
168 1372 307 1430 genarum
327 1354 541 1428 suspicionibus
561 1356 685 1413 caritate
703 1357 781 1414 filiae
796 1355 960 1428 promptior.

87 1456 135 1518 At
158 1454 286 1520 Silanus,
309 1453 480 1511 insidiarum
508 1454 633 1521 nescius,
658 1472 694 1511 ac
718 1455 791 1513 torte
825 1471 862 1511 eo
884 1470 962 1510 anuo

85 1551 221 1618 Praetor,
243 1556 364 1624 repente
378 1568 429 1623 per
452 1550 580 1608 edictum
603 1551 721 1610 Vitetttt
744 1552 847 1609 ordine
871 1553 962 1609 Sena·

81 1651 162 1708 turio
175 1640 318 1716 moretur,
338 1666 511 1724 quamquam
523 1640 601 1706 tacto
627 1651 738 1723 pridem
763 1653 884 1719 Senatu,
908 1652 962 1706 tus·

83 1753 187 1824 nuqua
208 1750 337 1807 condito.
357 1749 443 1806 simui
464 1749 646 1806 adfinitatem
659 1750 799 1807 Claudius
826 1749 957 1822 diremit;

85 1851 267 1922 adactusque
300 1847 428 1914 Silanus,
461 1847 575 1905 eiurare
601 1847 811 1919 magistratum,
844 1854 875 1903 et
899 1847 964 1904 reii-

85 1965 160 2023 quus
175 1944 408 2004 Praeturaadies
431 1945 463 2001 in
484 1945 606 2017 Eprium
629 1945 804 2001 Marcellum
829 1945 963 2000 conlatus

90 2052 145 2112 eat.
196 2044 232 2103 0.
261 2043 411 2117 Pompeio,
440 2044 477 2116 Q.
500 2044 654 2100 Veranuio
676 2059 757 2100 coss.
778 2048 895 2125 pactum
920 2042 1024 2109 iu-b,

90 2150 137 2203 ter
160 2143 316 2202 cundram
335 2147 367 2199 et
392 2141 586 2216 Agrippinam
607 2139 822 2201 matrimonium
843 2139 900 2196 iam
923 2138 962 2196 is·

93 2259 153 2311 sus,
173 2242 232 2301 issu
255 2241 489 2315 amore-inticitu
513 2241 694 2298 firmabatur:
715 2254 771 2296 uec
795 2240 863 2295 duru
887 2240 963 2295 cale·

91 2342 176 2399 brana
201 2324 520 2411 solennia'uuptisruru
543 2340 698 2403 audebant,
723 2339 805 2394 nulio
826 2338 964 2410 exemplo

43 2456 50 2471 ·
90 2441 237 2499 deductae
261 2440 292 2496 in
319 2441 436 2496 domum
459 2439 553 2512 patrui
580 2438 676 2495 iratris
701 2436 789 2493 filiae.
832 2434 910 2508 Quin
932 2439 965 2492 et

91 2539 248 2604 nmmum,
266 2553 302 2594 ac
315 2537 342 2595 si
361 2544 553 2611 sperneretur,
578 2555 616 2594 ua
630 2536 660 2593 io
685 2536 792 2592 maium
817 2534 965 2607 pubiicum

54 2676 58 2681 -
91 2643 265 2710 crumperet,
292 2638 483 2693 metuebatur.
527 2636 595 2694 Nec
622 2641 691 2692 aute
715 2634 823 2692 omissa
845 2640 965 2691 cuncta·

92 2737 143 2801 tio,
177 2753 264 2810 quarn
291 2734 433 2791 Vitettiua
461 2735 520 2790 auis
546 2734 655 2792 artibus
683 2733 712 2791 id
741 2720 963 2806 perpetrandum

91 2834 223 2907 sumpsit.
264 2833 531 2907 Percuuctatusque
547 2830 714 2900 Caesarem,
727 2840 735 2864 ⁴
748 2850 786 2890 an
812 2832 895 2890 iussis
910 2832 965 2888 Po-

91 2933 171 3005 ‘puli
185 2950 224 2989 an
238 2931 405 2989 auctoritati
421 2932 547 2990 Senatus
561 2935 679 2989 cederet
688 2930 709 2988 ἰδ’
722 2931 771 2988 ubi
784 2932 845 2997 itte,
858 2939 964 2986 ‘unum

93 3035 145 3088 ‘aa
163 3030 277 3088 civium
290 3036 320 3087 et
341 3031 497 3088 consensui
510 3027 662 3102 inparem,’
682 3028 840 3099 respondit,
861 3034 965 3098 ‘oppe-

93 3129 162 3187 ‘riri
189 3128 267 3186 intra
292 3127 440 3201 palatium'
463 3131 552 3186 iubat.
578 3127 641 3199 ipse
663 3125 773 3181 curiam
797 3123 965 3198 ingreditur,

94 3243 292 3302 summamque
320 3228 425 3298 Remp.
444 3228 492 3302 agi
516 3229 676 3289 obtestans,
702 3219 819 3280 veniam
846 3221 967 3278 dicendi

95 3333 163 3383 suto
187 3326 261 3384 aiios
284 3327 429 3400 exposcit,
450 3325 633 3400 orditurque:
654 3320 869 3380 ‘Gravissimos
884 3319 966 3376 Prin·

95 3424 188 3496 ‘cipis
217 3425 341 3490 iabores,
368 3425 431 3499 quis
458 3425 557 3481 orbem
575 3428 681 3499 <terrae
709 3423 851 3494 capessat,
878 3435 966 3490 egere
1044 3416 1052 3431 '

96 3522 307 3587 ‘adminicuiia
323 3529 354 3582 ut
367 3522 529 3580 domestica
543 3539 611 3579 cura
628 3537 746 3587 vacuus,
767 3518 965 3577 incommune
1040 3555 1042 3559 -

97 3623 255 3680 ‘consulat
286 3623 364 3698 quod
391 3619 653 3706 porrolboueatius·
675 3617 834 3682 Censoriae
859 3615 968 3676 mentis
