2459 4267
59 399 104 447 u.
124 400 158 448 c.
177 401 215 447 sa
302 395 372 442 mu.
390 382 486 442 xun-
519 394 598 441 cnr.
619 375 675 440 15.
700 371 757 440 16.
883 344 957 439 Ι361

72 555 231 612 scelerum
245 540 331 607 tumn.
374 550 464 616 Num,
491 553 522 606 ut
538 549 687 622 proximus
701 548 822 623 quisque
846 549 961 608 Britan·

72 654 157 711 nico
180 668 273 725 neque
287 650 331 706 tus
348 666 447 722 usque
461 648 549 705 iidem
568 648 653 721 pensi
667 650 796 716 haberet,
815 648 884 706 oiim
900 666 961 722 pro·

74 753 187 812 visum
201 754 282 808 erut·
312 749 443 805 Primum
453 764 601 805 venenum
623 753 660 804 ab
673 749 745 821 ipsis
758 750 962 806 educatoribus

74 850 224 923 accepit,¹
240 848 467 922 transmisitque,
491 850 625 905 exsoluta
659 850 738 915 atvo,
763 866 862 922 parum
891 848 963 906 voti·

76 952 168 1016 dum,
182 949 246 1005 sive
261 954 523 1019 temperamentum
537 948 640 1016 iuerat,
655 965 692 1004 ne
712 949 810 1005 statim
824 950 961 1006 saeviret.

81 1050 150 1107 Sed
169 1049 258 1114 Nero,
271 1046 346 1103 tenti
360 1046 481 1102 sceleris
496 1032 653 1118 inpatiens,
674 1049 803 1105 minitari
818 1049 962 1117 Tribuno,

79 1148 192 1206 iubere
212 1144 404 1218 ‘supplicium
430 1145 593 1212 veneticae,
617 1149 704 1217 quod,
727 1149 795 1205 dum
820 1167 963 1207 rumorem

81 1244 279 1318 ‘respiciunt
311 1244 380 1301 dum
417 1251 520 1317 purant
551 1245 746 1311 detensiones,
777 1249 963 1305 securitatem

80 1341 307 1404 ‘morarentur’
358 1343 599 1407 Promittentibus
624 1344 693 1400 dein
713 1351 796 1401 ‘tum
823 1346 965 1419 praecipi·

81 1450 172 1503 ‘tem
205 1460 326 1510 necem,¹
339 1461 423 1516 quam
447 1444 473 1500 si
497 1443 572 1500 ierro
598 1444 765 1518 urgeretur‚’
795 1444 963 1503 cubiculum

80 1545 224 1604 Caesaris
236 1543 327 1609 iusto,
340 1543 511 1617 decoquitur
525 1543 614 1611 virus,
625 1546 751 1620 cognitis
769 1550 857 1602 antea
875 1564 964 1604 vene·

84 1645 135 1703 uis
164 1644 303 1716 rapidum.
356 1641 424 1698 Mos
457 1643 627 1710 habebatur,
660 1645 830 1719 Principum
857 1646 964 1703 liberos
979 1648 1016 1708 16

84 1760 158 1802 cum
179 1741 290 1800 ceteris
300 1740 380 1797 idem
406 1740 512 1797 aetatis
540 1743 687 1800 nobilibus
710 1745 845 1801 sedentes
871 1746 964 1812 vesci,

83 1843 118 1900 iu
133 1842 275 1913 adspectu
287 1839 520 1914 propinquorum,
533 1841 649 1914 propria
663 1847 693 1896 et
707 1842 838 1914 parciore
852 1860 964 1901 mensa.

86 1943 160 2000 litic
185 1941 323 2012 epulante
337 1939 521 2002 Britannico.
539 1939 607 2014 quia
630 1939 714 1996 cibos
739 1947 878 2014 potusque
889 1941 965 1998 ‘eius

86 2043 224 2098 detectus
238 2057 276 2095 ex
297 2038 438 2095 ministris
459 2045 545 2112 gustu
559 2040 739 2112 explorabat,
754 2057 792 2095 ue
816 2039 966 2097 omittere·

89 2146 137 2198 tur
151 2139 327 2203 institutum,
340 2144 390 2194 aut
403 2137 549 2212 utriusque
569 2144 661 2194 morte
676 2140 844 2211 proderetur
858 2141 966 2208 seems,

87 2238 260 2296 talisdotus
279 2238 408 2310 repertus
432 2242 485 2294 est.
528 2237 656 2294 lunoxiu
681 2239 825 2295 adhucne
849 2256 966 2312 praecu-

90 2338 153 2395 iide
167 2343 197 2393 et
211 2337 301 2393 libata
315 2342 399 2409 gustu
421 2336 502 2409 potio
524 2337 647 2394 truditur
671 2337 859 2395 Britannico:
887 2339 967 2407 dein,

89 2444 245 2511 postquam
256 2435 369 2492 fervore
378 2436 614 2508 adsperuubutur,
625 2434 728 2509 frigida
742 2435 773 2493 in
782 2454 856 2510 aqua
867 2438 967 2496 odiun-

89 2536 168 2594 ditur
179 2553 334 2601 venenum,
343 2536 417 2608 quod
433 2535 474 2590 its
484 2542 606 2592 cunctos
621 2535 684 2592 eius
697 2542 775 2593 artus
784 2537 922 2610 pervasit,
937 2543 968 2596 ut
1050 2550 1054 2557 ’

91 2631 153 2692 von
164 2632 309 2706 peniteret
320 2634 437 2705 spiritus
445 2641 622 2707 raperentur.
636 2635 969 2710 'Prepidaturacircum-

92 2732 271 2797 sedentibus,
294 2732 449 2806 diffugiunt
473 2733 668 2805 inprudentes.
706 2740 757 2804 At,
771 2738 872 2812 quibus
883 2740 969 2797 altior

64 2860 66 2867 ·
92 2831 272 2897 intellectus,
301 2832 437 2888 resistunt
463 2833 614 2901 debriet
636 2836 786 2894 Neronem
811 2840 969 2897 intuentes.

93 2930 159 2997 lite,
180 2934 212 2987 ut
240 2934 302 2987 erut
316 2931 445 2998 reclinis,
467 2938 496 2987 et
509 2933 613 2990 irescio
627 2934 741 3001 similis,
757 2946 764 2968 ⁸
779 2938 895 2994 sotitum
909 2937 969 3006 ita,’

93 3032 164 3098 ‘ait,
180 3050 231 3113 per
243 3032 423 3089 comitialem
433 3035 573 3100 morbum,
587 3050 645 3106 quo
658 3034 780 3105 primum
794 3038 831 3090 ab
845 3036 970 3093 infantia

93 3130 316 3188 ‘adflictaretur
329 3131 526 3198 Britannicus,
551 3136 581 3188 et
602 3130 744 3188 redituros
759 3133 910 3203 paullatim
928 3134 969 3190 vi·

92 3235 163 3287 ‘sus
188 3228 367 3304 sensusque!
407 3231 450 3288 Ar
477 3229 657 3305 Agrippinae
674 3230 700 3287 is
723 3245 825 3303 pavor,
838 3249 875 3288 ea
896 3238 966 3289 con·

94 3329 236 3386 steruotio
248 3329 365 3395 mentis,
379 3330 513 3404 quumvis
539 3332 622 3387 vultu
637 3333 822 3403 premeretur,
837 3330 970 3411 emicuit,

97 3436 138 3496 ut,
167 3428 289 3501 perinde
313 3427 447 3503 ignarum
469 3429 557 3486 inisse
585 3446 621 3487 ac
648 3446 775 3486 sororem
802 3429 971 3488 Britannici

95 3527 262 3598 Octaviam,
278 3527 462 3612 constiterit.
482 3528 589 3605 quippo
617 3528 863 3608 sibisupremum
890 3531 970 3588 auxi-

103 3670 108 3678 .
134 3643 202 3685 rou.
225 3625 245 3684 ιζ
439 3674 441 3681 .
536 3629 570 3681 31
