2459 4267
72 373 99 420 ι.
115 370 142 416 c.
157 372 196 417 aa.
279 367 349 414 um.
375 366 426 413 ιιι.
476 365 566 414 caat.
581 347 752 415 nn-m.
867 351 934 417 141

73 539 137 582 cum
147 521 239 580 claris
249 520 365 578 leminis
378 520 516 595 ingressa,
531 521 740 578 lamentatione
752 520 843 579 flebili
853 520 940 580 maie·

73 638 117 678 rea
128 638 197 677 uros
227 620 319 677 ciens.
331 618 476 695 ipsamque
498 617 669 695 Pompeium,
688 620 821 677 cainaea
841 637 941 679 moun·

75 725 172 777 menta
200 725 232 775 et
262 720 410 775 adstantes
443 719 586 791 imagines
606 719 801 785 ·visebantur,
828 724 941 778 lantum

76 817 291 876 misericordiae
304 816 459 890 permovit,
479 823 510 873 ut
523 816 608 873 effusi
620 816 651 873 in
667 819 820 890 lacrymas,
834 824 942 877 ‘saeva

73 923 117 974 ‘et
130 918 305 975 detestanda
320 914 452 988 Qniriuo’
465 916 658 996 clamitarent,
680 917 780 974 ‘cuins
802 923 940 975 senectae

76 1019 182 1091 ‘atque
209 1015 338 1081 orbitati,
359 1021 390 1071 et
416 1016 638 1072 obscurissimae
661 1016 769 1082 dorum,
794 1017 941 1075 destinata

76 1116 242 1189 ‘quondam
256 1132 330 1171 uxor
358 1116 393 1173 L.
409 1114 539 1180 Caesari,
566 1131 602 1171 ac
624 1115 663 1171 D.
684 1118 817 1189 Augusto
845 1131 941 1185 nurus,

74 1211 268 1270 ‘dedeietua’
287 1213 357 1269 dein
372 1213 532 1269 tormentis·
552 1230 701 1270 servorum
715 1215 859 1286 patefacta
872 1220 941 1272 sunt

76 1312 192 1385 flagitia,
206 1312 336 1385 itumque
349 1311 381 1368 iu
392 1311 571 1368 sententiam
593 1312 711 1368 Rubelli
726 1313 870 1380 Blandi,a
884 1330 942 1388 quo

76 1426 146 1484 aqua
170 1417 258 1485 atque
289 1410 349 1482 igni
381 1414 541 1466 arcebatur.
574 1411 644 1467 huic
666 1412 776 1468 Drusus
803 1412 942 1482 adsensit,

75 1527 246 1584 quamquam
264 1509 315 1566 alii
329 1509 426 1567 mitius
453 1509 645 1567 censuissent.
667 1525 734 1567 mox
749 1512 869 1575 Scauro,
891 1510 941 1584 qui

77 1608 163 1665 liliam
177 1627 217 1665 ex
240 1626 275 1664 ea
289 1614 437 1682 genuerat,
450 1608 559 1674 datum,
573 1627 610 1666 ne
621 1610 697 1665 bona
718 1609 941 1682 publicarentur.

79 1706 155 1764 mum
168 1709 287 1765 demum
300 1706 413 1778 aperuit
427 1707 564 1763 Tiberius
581 1728 588 1762 ε
609 1714 775 1783 compertum
785 1705 842 1764 ridi
858 1704 943 1763 etium

8 1791 9 1876 J
76 1820 109 1861 cr
128 1804 162 1861 P.
183 1803 304 1868 Quirini
322 1809 420 1872 sunia
452 1822 675 1863 aeneamm'a
694 1804 801 1882 hpidu
816 1803 940 1880 petinam.

1221 1633 1222 1686 l

80 1903 250 1961 inlustrium
277 1905 413 1961 domuum
437 1906 560 1962 adversa
580 1902 704 1980 (etenim
724 1907 802 1961 baud
821 1908 941 1963 multum
951 1898 996 1955 24

1221 2007 1222 2058 l

1221 2067 1222 2132 l

1221 2155 1222 2198 l

1054 1595 1070 1630 al.

77 2002 196 2061 distanti
217 2010 347 2076 ternpore
368 2002 519 2074 Calpurnii
540 2002 687 2071 Pisonem,
716 2002 838 2064 Aemilii
857 2004 943 2076 Lepi·

78 2100 143 2156 dam
172 2099 345 2177 amiserant)
364 2101 469 2157 solatio
488 2102 597 2159 adiecit
632 2103 671 2158 D.
694 2102 823 2167 Silanus,
843 2101 946 2157 luniae

76 2198 206 2268 familiae
230 2200 367 2256 redditus.
389 2216 490 2256 casum
517 2200 581 2257 eius
602 2199 702 2272 paucis
723 2203 859 2270 repetam.
902 2198 948 2256 Vt

80 2299 176 2362 valida
213 2300 252 2355 D.
277 2301 410 2372 Augusto
442 2299 472 2355 in
494 2299 598 2371 Remp.
634 2297 776 2365 lortuna3
807 2297 849 2352 ita
869 2296 948 2354 domi

77 2385 243 2471 inprospera
268 2397 331 2464 luit,
361 2399 400 2454 ob
427 2396 639 2468 impudicitiam
659 2395 737 2454 filiae
764 2411 800 2452 ac
832 2394 942 2468 neptis,

81 2511 148 2569 quas
178 2498 248 2553 urbe
269 2497 390 2568 depulit,
418 2498 620 2570 adulterosque
650 2513 747 2553 earum
778 2501 869 2553 morte
898 2500 949 2553 aut

74 2592 144 2667 iuga
164 2594 289 2667 punivit.
319 2612 387 2651 nam
406 2598 532 2667 culpam,
561 2596 638 2652 inter
659 2594 737 2652 viros
770 2613 805 2652 ac
825 2595 947 2653 seminas

8 2745 9 2786 t
82 2695 238 2766 vulgatam,
259 2694 343 2766 gravi
367 2695 486 2750 nomine
507 2677 650 2751 minum
662 2692 829 2771 religionum
843 2714 877 2752 aa
891 2695 947 2753 aie·

81 2786 155 2847 lotae
181 2789 338 2848 maiestatis
364 2794 548 2865 adpellando,
581 2794 769 2852 clementiam
798 2795 947 2862 maiorum,

84 2904 202 2963 suasque
222 2889 285 2961 ipse
308 2892 386 2962 leges
406 2891 613 2964 egrediebatur.
664 2893 723 2949 Sed
753 2894 873 2949 aliorum
898 2907 948 2966 ea·

83 2984 249 3056 intacitum
270 2996 369 3046 cetera
388 2989 466 3046 iilius
486 2990 599 3056 aetatis,
627 2993 799 3055 memorabo,
819 2992 844 3047 si
864 2990 948 3047 effec-

85 3084 120 3141 tis
139 3088 170 3143 iu
190 3105 264 3160 quae
284 3087 405 3153 tetendi,
426 3092 521 3161 plures
541 3092 578 3145 ad
603 3108 687 3147 curas
710 3088 802 3144 vitam
824 3089 946 3159 produn·

86 3200 140 3242 aro.
163 3187 201 3242 D.
224 3187 351 3252 Silanus,
371 3189 402 3244 in
414 3188 493 3260 nepti
509 3190 630 3261 Augusti
642 3190 764 3248 adulter,
778 3199 949 3270 quamquam

86 3297 141 3340 non
157 3287 231 3341 ultra
252 3271 324 3342 iuret
338 3286 491 3352 saevitum,
515 3304 599 3360 quam
621 3295 650 3341 ut
665 3284 795 3340 amicitia
816 3283 948 3339 Caesaris

88 3383 291 3452 prohiberetur,
302 3385 438 3441 exsilium
452 3386 507 3441 sibi
516 3383 706 3442 demonstrari
715 3380 877 3437 intellexit:
893 3398 948 3439 nec

88 3480 143 3537 nisi
172 3483 296 3539 Tiberio
328 3474 523 3555 imperitante,
556 3483 706 3556 deprecari
742 3483 881 3540 Senatum
909 3496 944 3538 ac

94 3575 257 3656 Principem
277 3600 363 3645 ausus
375 3589 429 3654 est,
451 3584 494 3643 M.
510 3583 605 3642 Silani
625 3581 720 3641 fratris
740 3579 880 3655 putentia,
901 3581 949 3655 qui
