2459 4267
308 356 356 429 96
630 375 817 430 tunsarum
1032 380 1065 429 a.
1079 377 1112 428 v.
1125 383 1174 430 rro.

305 547 501 606 magenorum
513 529 701 606 Philopatore
715 531 854 599 Cilicum,
875 530 1005 606 Regibus
1019 531 1176 601 deiuuotis,

306 633 494 689 turbabantur
507 631 649 689 ustiones.
675 631 819 704 plerisque
840 631 1110 696 nonsummum
1133 635 1175 687 re·

305 728 385 804 giam
411 729 562 803 imperinm
591 728 797 801 cupientibus:
819 734 849 786 et
877 729 1060 802 provinciae,
1087 729 1174 803 Syria

305 837 392 903 atque
407 830 524 893 iudaea,
546 827 641 884 fessae
663 828 810 893 oneribus,
822 827 1057 885 deminutionem
1076 825 1174 883 tribmi

252 927 434 988 taorsusnt.
477 924 568 1000 {gitur
594 927 677 990 hseo,
700 927 784 983 etde
812 925 962 994 Armenia,
987 943 1063 1000 quae
1089 939 1172 997 supra
1220 971 1222 1024 4

304 1024 474 1089 memoravi
488 1023 618 1097 apudPa
623 1029 680 1080 tres
704 1024 886 1082 disseruit:‘
895 1041 952 1082 neo
966 1039 1054 1098 posse
1067 1027 1172 1080 motum
1221 1083 1222 1086 Ἴ

304 1122 473 1179 ‘Orientem
497 1123 553 1179 nisi
567 1121 738 1179 Germanioi
760 1123 904 1196 sapientia
918 1122 1086 1196 oomuoni:
1107 1137 1171 1177 nam
1221 1091 1222 1132 ¹

303 1225 404 1277 ‘auam
425 1226 551 1277 aetatem
581 1239 710 1295 vergere,
731 1222 820 1278 Drusi
832 1223 959 1279 nondum
985 1221 1063 1277 satis
1080 1221 1172 1276 adole·

300 1316 423 1374 ‘uisse‘
464 1319 552 1375 'l'uue
572 1321 692 1376 decreto
717 1319 835 1377 Patrum
850 1321 1008 1392 permissae
1022 1315 1170 1376 Germani·
1214 1301 1216 1308 ’

300 1432 338 1474 oo
352 1416 530 1488 provinciae,
558 1435 634 1490 quae
648 1418 721 1474 mari
736 1419 923 1484 dividuntur,
947 1418 1099 1491 maiusque
1122 1415 1170 1471 im·

301 1514 420 1589 perium,
434 1531 547 1587 quoquo
560 1515 678 1581 adisset
689 1531 783 1588 ⁴qumn
798 1517 853 1581 lais,
869 1515 918 1589 nui
931 1515 1072 1573 lorte‘aut
1083 1516 1169 1571 missu

301 1612 446 1684 Principis
457 1612 631 1669 obtinerent.
674 1614 733 1670 Seri
749 1614 887 1671 'Piberius
898 1615 1071 1671 demoverat
1087 1612 1169 1686 Syria

300 1711 451 1771 (iretleum
477 1711 619 1774 Silanum,
634 1728 684 1783 per
708 1713 889 1769 adfinitatem
911 1727 1082 1770 nouuexum
1100 1712 1169 1767 tier-
1221 1767 1222 1770 ,

300 1811 427 1877 manino,
449 1808 515 1882 quia
532 1810 645 1867 Sileni
655 1811 716 1867 filia
745 1810 869 1879 Neroni,
883 1810 1086 1898 vetustissimo
1107 1808 1172 1864 libe·

299 1907 478 1973 rummeins,
494 1913 670 1979 paetaernt·
693 1908 927 1982 praefeceratque
942 1909 1166 1973 (lmPisonem,
1221 1909 1222 1964 i

299 2006 420 2081 ingenio
435 2007 594 2063 violentum
608 2014 638 2063 et
651 2007 813 2080 obsequii
805 2024 945 2080 ignarum,
959 2007 1050 2064 insita
1064 2003 1167 2065 lenonia
1221 1995 1222 2066 i

300 2113 411 2179 epatre
426 2107 543 2172 Pisone,
565 2107 623 2180 qui,
637 2106 721 2163 nivili
742 2108 828 2172 bello,
849 2112 1035 2178 resurgentes
1048 2107 1079 2163 in
1096 2103 1166 2162 Atri-

298 2223 334 2263 na
363 2215 458 2279 partes
485 2206 627 2262 acerrimo
654 2204 815 2280 ministerio
840 2206 979 2261 adversus
1010 2189 1164 2263 Caesarem

299 2304 396 2362 iuvit:
432 2322 497 2362 mox
525 2305 645 2360 Brutum
666 2310 696 2360 et
720 2303 854 2361 Gessium
875 2310 1001 2369 seculus,
1018 2313 1165 2360 'eonnesso

298 2404 403 2469 reditu,
418 2404 560 2474 petitione
575 2404 713 2459 hunorum
728 2403 877 2469 abstinuit,
885 2405 979 2459 denen
992 2405 1069 2458 ultro
1083 2397 1166 2457 ambi·

297 2506 384 2562 retur,
410 2501 539 2556 delatum
566 2502 604 2556 ab
644 2502 776 2573 Augusto
804 2501 994 2558 Consulatum
1024 2499 1165 2572 accipere.

298 2598 367 2660 Sed,
388 2606 502 2669 praeter
523 2602 658 2667 paternos
682 2590 807 2670 spiritus,
830 2599 928 2655 uxoris
955 2615 1069 2673 quoque
1083 2597 1165 2653 Plsn·

295 2693 382 2752 cinae
397 2694 549 2750 nobilitate
557 2701 588 2750 et
601 2695 704 2768 opibus
725 2698 948 2753 aoneutlelratur.
972 2695 1025 2752 vix
1038 2691 1159 2753 Tiberio

294 2793 458 2850 oonoerlere
472 2792 597 2850 :liberos
611 2793 683 2860 eius,
693 2802 725 2851 ut
740 2798 860 2852 multum
874 2795 959 2859 inira,
971 2796 1158 2867 despectare:

294 2907 350 2949 neo
370 2891 488 2949 dubium
513 2891 648 2957 habebat,
662 2910 694 2948 se
721 2895 877 2957 delectum,
891 2894 941 2967 qui
956 2892 1062 2966 Syriae
1076 2892 1165 2961 impo-

295 2999 419 3055 neretur,
445 2992 482 3047 ad
509 3007 575 3063 spes
600 2990 773 3049 Germanioi
794 2993 984 3048 coercendas.
1015 2989 1163 3048 credidere
1221 3023 1222 3046 1

296 3092 422 3161 quidem,
448 3091 516 3147 dala
540 3093 571 3145 et
597 3105 614 3144 a
645 3089 769 3146 Tiberio
799 3092 914 3146 nonulla
932 3089 1103 3145 'mandatur
1133 3086 1164 3142 et

297 3189 469 3246 Plancinam
505 3189 581 3248 haud
616 3188 704 3244 dolus
735 3190 865 3261 Augusta
893 3188 1004 3245 monuit
1031 3180 1162 3244 muliebri

296 3289 491 3345 aemulatione
515 3285 706 3359 Agrippinam
729 3285 903 3343 insectandi.
918 3285 1015 3342 divisa
1039 3296 1160 3355 namque

296 3388 447 3444 etdisoors
461 3388 525 3443 aula
539 3389 609 3451 erat,
632 3384 729 3441 taeilis
752 3384 783 3442 in
799 3386 924 3442 Drusum
945 3389 995 3441 aul
1009 3377 1159 3441 nemini·
1221 3405 1222 3458 ζ

323 3558 397 3613 Suara
411 3561 539 3621 memorum]
571 3562 625 3608 sul.
636 3564 658 3618 2,
668 3563 690 3606 3.

323 3633 414 3681 {thern
423 3638 479 3696 eins]
511 3638 668 3687 Germanicum
678 3638 785 3697 intellege
795 3641 818 3684 et
828 3637 933 3685 Drusum.
965 3634 1027 3692 [lips.
