2459 4267
265 324 316 389 42
594 344 779 392 annanrvnr
1000 344 1029 391 a.
1045 340 1140 389 naar.

266 495 297 552 in
311 511 412 554 casum
426 497 505 555 dare.
545 495 642 555 Mults
666 500 815 573 quippest
833 496 955 555 diversa
978 499 1143 571 angebant:

267 596 410 653 ‘validior
435 614 486 669 per
512 596 702 654 Germaniam
729 597 897 654 exercitus:
926 597 1048 677 propior
1067 596 1142 668 opud

268 693 487 753 ‘Pannoniamz
518 695 570 754 iiie
598 696 761 753 Galliamm
784 695 888 770 opibus
911 697 1066 763 subnixus,
1094 694 1141 752 bic

267 792 394 849 ‘ltaliae
416 793 590 851 imminens:
620 813 691 868 quos
718 794 805 869 igitur
829 792 1015 853 anteferret?
1035 812 1081 859 ac,
1105 809 1144 850 uo

269 892 437 963 ‘postpositi
449 893 628 950 contumelia
647 894 881 952 incenderentur.
924 896 967 951 At
990 911 1043 967 per
1064 892 1145 949 filios

267 989 393 1062 ‘pariter
405 989 488 1056 adiri,
503 992 655 1049 maiestate
669 994 767 1060 sataa3
782 994 829 1049 cui
844 992 967 1050 maiore
983 993 1145 1067 longinquo

266 1086 459 1144 ‘reverentia
485 1088 570 1145 simut
595 1090 830 1148 adoteseentibus
851 1099 1036 1158 excusatum,
1058 1107 1142 1165 quae·

267 1186 350 1242 ‘dam
365 1187 401 1243 ad
422 1191 534 1258 patrem
559 1187 698 1245 reiicere:
719 1189 937 1263 resistentisque
959 1189 1145 1247 Germanico

267 1290 335 1341 ‘aut
351 1286 446 1342 Druso
471 1304 554 1359 posse
578 1303 597 1342 a
620 1304 652 1343 se
678 1287 813 1361 mitigari,
837 1290 884 1344 vet
906 1288 1045 1361 infringi:
1067 1286 1141 1361 quod

268 1384 365 1442 ‘aliud
380 1383 547 1451 subsidium,
571 1387 596 1444 si
611 1388 819 1459 Imperatorem
833 1386 1048 1460 sprevissenti’
1087 1388 1142 1445 Ge·

267 1494 370 1559 terum,
385 1493 416 1543 ut
431 1487 489 1544 iam
504 1487 618 1561 iamque
639 1488 738 1553 iturus,
764 1487 835 1560 tegit
848 1487 982 1553 comites,
996 1486 1139 1560 conquisi-

267 1588 312 1645 vit
340 1586 558 1660 impedimenta,
583 1585 737 1641 adornavit
764 1601 875 1641 naves:
905 1602 973 1641 mox
1005 1587 1137 1651 hiemem,

268 1691 318 1744 aut
333 1686 450 1760 negotia
472 1684 552 1741 varie
577 1689 736 1748 caussatus,
761 1683 858 1756 primo
881 1685 1050 1757 prudentes,
1070 1683 1138 1739 dein

215 1782 255 1838 48
270 1788 398 1860 vulgum,
411 1783 575 1841 diutissime
595 1781 764 1855 provincias
777 1782 887 1839 tenuit.
929 1786 972 1840 At
989 1780 1140 1840 Germani·

267 1903 328 1950 cus,
348 1900 520 1959 quamquam
543 1888 696 1940 contracto
717 1881 858 1948 exercitu,
879 1886 909 1938 et
931 1888 1033 1955 parata
1046 1882 1077 1938 in
1090 1882 1138 1937 de·
1168 1886 1171 1891 '

267 1986 391 2045 sectores
412 1983 531 2051 uitione,
544 1983 673 2039 dandum
691 1981 786 2037 adhuc
808 1979 934 2053 spatium
955 1990 1044 2049 ratus,
1058 1981 1083 2037 si
1096 1996 1138 2036 re·

267 2087 349 2145 uenti
362 2088 499 2159 exempto
512 2081 568 2141 sibi
591 2082 648 2153 ipsi
667 2082 861 2146 consulerent,
883 2081 1043 2153 praemittit
1064 2080 1138 2136 titte-

268 2205 313 2245 ras
325 2188 361 2243 ad
376 2185 546 2249 Caecinam,
560 2188 568 2217 ⁴
581 2181 682 2238 venire
701 2197 733 2236 se
749 2179 845 2237 valida
860 2197 955 2247 uranu,
969 2198 1017 2249 ac,
1031 2181 1061 2238 ui
1074 2196 1137 2252 sup·

270 2286 408 2359 ‘pticium
437 2285 469 2341 in
496 2284 587 2340 matos
614 2285 808 2352 praesumant,
832 2296 947 2336 usurum
975 2280 1137 2352 promiscua

269 2381 399 2442 ‘caede’
452 2381 511 2438 Eas
536 2381 669 2438 Caecina
692 2379 850 2453 aquitiieris
874 2379 1084 2454 signiferisque,
1104 2379 1135 2433 et

268 2484 343 2556 quod
370 2480 496 2537 maxime
510 2482 669 2535 castrorum
683 2478 833 2535 sincerum·
842 2483 913 2544 erat,
936 2482 1054 2536 occuite
1067 2474 1136 2534 reci·

269 2585 321 2647 tat,
332 2585 339 2612 ‘
350 2584 436 2651 utque
449 2582 571 2634 cunctos
581 2577 728 2645 int'amiae,
743 2594 775 2634 se
791 2577 867 2650 ipsos
889 2578 974 2635 murti
988 2575 1138 2640 eximant?

267 2680 403 2736 hortatur.
420 2675 547 2733 ‘namin
563 2692 637 2749 pace
647 2693 763 2733 caussas
774 2682 804 2733 et
818 2679 919 2735 merita
932 2679 1073 2750 spectari:
1087 2674 1135 2733 ubi

268 2777 394 2833 ‘betium
409 2774 531 2849 ingruat,
555 2775 728 2832 innocentes
742 2792 778 2832 ac
798 2776 902 2833 noxios
915 2776 999 2833 iuxta
1013 2770 1133 2834 cadere.⁹

266 2874 328 2943 liii,
342 2875 470 2938 tentatis,
484 2891 554 2949 quos
568 2874 688 2931 idoneos
709 2877 852 2940 rebantur,
873 2882 1025 2949 postquam
1048 2873 1131 2931 maio·

269 2994 329 3034 rem
353 2974 500 3051 legionum
515 2982 626 3046 partem
647 2974 679 3031 in
703 2974 800 3031 officio
815 2973 925 3042 vident,
939 2976 976 3031 de
990 2970 1132 3031 sententia

268 3074 367 3150 iegati,
394 3078 524 3131 statuunt
547 3079 671 3144 tempus,
693 3091 749 3146 quo
773 3072 968 3130 foedissimum
995 3085 1131 3147 quemque

268 3182 297 3233 et
318 3172 454 3232 seditioni
469 3177 630 3246 promptum
643 3172 718 3228 terro
740 3172 891 3228 invadant.
934 3172 1032 3238 Tunc,
1052 3169 1131 3243 siguo

268 3278 345 3334 inter
372 3293 403 3332 se
424 3276 502 3341 dato,
523 3274 690 3347 inrumpunt
714 3276 915 3342 contubernia,
938 3276 1079 3332 trucidant
1093 3272 1131 3344 ig·

268 3394 371 3433 naras:
391 3377 480 3441 natio,
494 3374 551 3431 nisi
564 3374 700 3442 consciis,
715 3379 865 3443 noscente,
886 3377 962 3449 quod
985 3372 1081 3432 caedis
1091 3370 1130 3426 in·

215 3474 361 3556 49itium,
383 3474 446 3548 quis
467 3473 542 3530 finis.
598 3473 725 3529 Diversa
747 3473 887 3540 omniurn,
912 3491 984 3547 quae
1011 3482 1130 3544 unquam

268 3573 413 3644 accidere,
432 3571 566 3630 civilium
586 3589 729 3634 armorum
749 3571 849 3631 iacies.
871 3590 929 3632 nou
945 3572 1129 3648 amelianus
