2459 4267
81 394 232 444 nean
313 390 472 440 nra.x11.
514 371 786 441 cana-49.
887 375 959 442 333

83 547 211 604 vinonio
234 545 420 612 admovebat,
444 546 589 605 decidisse
613 547 763 614 simulans,
785 563 881 621 genna
903 548 960 606 tti-

85 645 226 702 tbridatia
256 645 381 713 invadit,
413 646 564 721 ipsumque
598 647 773 720 prosternit:
809 633 961 721 simulque,

85 760 234 800 eouearsu
258 743 390 817 pturinm,
415 745 584 804 iniieiuntur
609 754 743 814 ostenae,
766 764 802 805 ao
818 747 962 819 compede

84 837 181 917 (quod
193 841 370 901 dedecorum
390 844 532 920 barbaris)
552 847 735 903 trahebatur:
759 863 885 920 moxque
899 847 962 901 vul·

86 958 153 1013 gua,
168 941 240 997 duro
253 942 376 1013 imperio
395 942 534 1007 habitum,
556 945 659 1016 probra
677 961 713 1001 ao
728 945 848 1001 verbera
867 944 961 1001 inten-

85 1039 180 1096 tabat.
222 1040 261 1096 Et
281 1046 364 1096 erant
388 1046 501 1107 eontra,
524 1042 573 1116 qui
598 1048 708 1100 tantam
733 1044 864 1100 fortunae
883 1058 960 1099 oom-

88 1136 284 1199 montionem
312 1139 523 1196 miserarentur.
576 1142 741 1215 Seoutaque
767 1159 834 1198 oum
861 1140 960 1213 parvis

87 1234 192 1291 liberis
204 1232 334 1293 eonium
348 1244 454 1294 cuneta
468 1238 678 1294 lamentatione
691 1241 865 1310 complebat.
907 1238 960 1295 Di·

88 1333 185 1394 rersis
205 1340 235 1392 et
249 1336 394 1393 eontentio
416 1336 560 1393 rebieutis
580 1338 732 1403 abduntur,
751 1338 819 1393 dum
840 1337 960 1394 Pbaras·

87 1431 188 1490 manis
207 1433 284 1490 iussa
300 1435 527 1508 exquirerentur.
568 1435 619 1492 liii
638 1435 744 1508 cupido
762 1434 859 1507 Regni
872 1434 960 1491 tratre

87 1537 119 1589 et
140 1531 202 1588 titia
229 1531 330 1603 notior,
358 1532 529 1607 animusque
554 1533 715 1592 sceleribus
736 1541 860 1608 paratus.
883 1532 961 1591 visui

88 1634 191 1687 tamen
204 1631 412 1693 consuleinn'e
426 1648 524 1688 eornm
545 1632 785 1691 interficerentur.
828 1634 867 1690 Et
881 1634 959 1691 Rba·

87 1728 240 1797 damistus,
253 1730 335 1804 quasi
355 1729 539 1789 iurisiurandi
559 1749 678 1797 mentor,
688 1723 758 1791 'nou
771 1733 885 1798 terrum,
899 1750 959 1790 noa

87 1824 240 1887 venenum
253 1831 284 1887 iu
306 1848 433 1888 sororem
452 1839 482 1888 et
503 1839 634 1904 patmum
649 1833 811 1904 expromite
831 1833 882 1889 sed
897 1849 958 1904 pro-

87 1927 184 1985 ie'etos
203 1928 234 1986 in
256 1931 383 1996 humum,
404 1936 435 1986 et
462 1935 546 1987 veste
568 1933 658 1986 multa
682 1931 822 2004 gravique
841 1935 957 2001 opertos

87 2032 188 2084 necat.
231 2027 302 2084 Filii
320 2046 432 2103 quoque
453 2028 643 2096 Mithridatis,
662 2029 737 2103 qarod
753 2028 891 2086 caedibus
910 2045 958 2100 na·

85 2129 205 2182 rentum
231 2125 508 2199 iniaorymnverani,
537 2127 673 2189 trunidnti
699 2132 775 2184 sunt.
818 2128 859 2184 At
883 2126 1009 2197 Qua-48

86 2224 188 2280 duatus
202 2241 382 2298 cognoscens
397 2227 542 2299 proditum
564 2225 765 2292 Mithridaten,
780 2229 810 2281 et
824 2225 959 2298 Regnum

87 2324 128 2380 ab
150 2321 381 2381 intertectoribus
409 2325 544 2392 obtineri,
572 2330 660 2382 vocat
684 2323 848 2390 eonsilium,
871 2325 960 2380 doeet

86 2411 167 2486 aete,
194 2427 234 2488 et,
261 2440 298 2479 nn
324 2423 521 2488 utoisoeretur,
542 2424 698 2480 consultat.
740 2423 847 2480 Paucis
867 2423 962 2479 denus

86 2520 238 2593 publicum
252 2538 354 2579 nurse:
383 2525 478 2595 plures
498 2527 559 2578 tuta
576 2521 742 2579 disserunt:
769 2522 883 2579 ‘Omne
897 2538 959 2580 see

86 2620 154 2675 ‘lus
169 2625 324 2678 externum
336 2638 405 2678 eum
423 2619 535 2677 taetitia
553 2621 728 2683 babendum.
743 2621 856 2678 nemina
869 2620 960 2681 etiam

87 2717 241 2777 ‘odiorum
255 2720 399 2785 iacienda,
419 2725 449 2776 ut
467 2736 555 2792 saepe
570 2718 722 2793 Prinoipes
744 2719 870 2776 Romani
882 2737 959 2776 eam·

85 2823 177 2879 ‘dem
191 2818 373 2883 Armeniam,
394 2816 493 2891 speeie
506 2817 676 2891 largitionis,
698 2820 846 2876 turbandis
860 2820 959 2875 barba·

86 2926 207 2976 ‘rorum
228 2916 333 2974 animis
354 2914 547 2989 praebuerint.
588 2916 733 2981 Potiretur
752 2916 959 2974 Rhadamistus

87 3019 187 3075 ‘maie
201 3016 300 3088 partis,
313 3015 381 3071 dnm
395 3012 518 3080 invisus,
538 3014 672 3071 infamia:
693 3015 808 3086 quando
822 3015 851 3070 id
866 3014 960 3085 magis
988 3086 991 3091 .

66 3176 69 3181 ,
87 3123 148 3173 ‘ex
165 3133 225 3182 usu,
235 3130 322 3187 quum
335 3112 361 3168 ai
375 3129 442 3170 eum
456 3111 548 3186 gloria
561 3113 682 3183 adeptus
696 3109 789 3167 toret!
830 3111 865 3165 ln
881 3111 959 3166 bane

86 3213 265 3272 sententiam
285 3211 366 3268 itum.
408 3211 456 3267 Ne
477 3216 574 3267 tamen
593 3208 728 3266 adunisse
743 3207 863 3264 iaoinori
880 3206 959 3263 vide·

86 3318 196 3378 rentur,
209 3318 240 3368 et
254 3310 371 3366 diversa
386 3310 496 3366 Caesar
516 3308 706 3381 praeeiperet,
727 3306 808 3362 missi
826 3306 862 3361 nd
884 3305 958 3361 Pha·

86 3427 244 3469 rasmanen
258 3407 364 3473 nuntii,
387 3412 436 3465 ‘nt
450 3409 621 3464 abscederet
641 3424 658 3462 a
679 3406 785 3463 batibus
802 3402 960 3470 Armeniis,

85 3509 254 3581 ‘filiumque
272 3504 470 3565 abstraheret?
512 3505 579 3562 Erat
603 3503 959 3578 Cartoadoeiaefroeura·
968 3519 1014 3579 4ss

87 3610 132 3665 tor
151 3606 244 3666 latius
265 3604 416 3687 Pelignus,
436 3605 538 3685 ignaui
558 3604 661 3676 nutui,
679 3610 711 3671 ut
722 3602 884 3669 deridiculo
897 3616 959 3659 non
