2459 4267
67 378 205 440 scra.
297 386 368 434 nra.
393 386 470 434 xrrr.
520 387 599 435 cnr.
627 363 795 436 Sca—36.
873 356 947 433 375

70 533 268 619 'Adiectaque
278 560 316 598 ex
328 542 488 598 Germania
502 543 669 615 tegic,cum
683 541 826 616 equitibus
841 539 947 605 alariis,

69 649 108 702 et
130 643 262 716 peditatu
282 641 460 698 cohortium:
482 646 665 715 retentusque
684 642 779 698 omnis
800 639 947 696 exercitus

70 744 132 800 sub
153 741 286 813 pellibus,
299 741 432 816 quamvis
454 740 549 797 bieme
567 759 657 797 saeva
672 743 755 806 adeo,
775 747 807 796 ut
821 739 948 795 obducta

60 840 186 916 glacie,
207 840 265 897 nisi
279 839 382 896 effossa
398 839 511 906 burnus,
528 840 661 897 tentoriis
681 843 777 897 locum
795 857 854 897 non
869 860 948 915 prae-

61 941 169 998 beret.
214 938 349 996 Ambusti
375 940 527 995 multorum
549 947 626 995 artus
650 940 680 996 vi
702 939 823 1013 trigoris,
838 947 867 997 et
888 940 948 1015 qui-

70 1040 146 1095 dam
166 1037 244 1095 iuter
262 1034 402 1095 excubias
424 1038 585 1094 exanimati
604 1045 681 1095 suut.
724 1041 948 1113 Annotatusque

71 1138 173 1201 miles,
188 1136 238 1211 qui
250 1136 365 1194 'fascem
387 1137 529 1210 lignorum
548 1139 691 1210 gestabat,
703 1138 744 1194 ita
759 1138 948 1211 praeriguisse

72 1252 189 1303 manus,
205 1243 236 1291 ut
249 1235 332 1292 oneri
346 1237 548 1302 adhaerentes,
569 1236 679 1292 truncis
693 1236 818 1293 brachiis
832 1237 948 1293 decide·

73 1339 153 1392 rent.
196 1335 262 1405 lpse
277 1336 356 1391 cuttu
377 1335 447 1401 levi,
468 1335 565 1407 capite
585 1333 706 1401 intecto,
726 1334 757 1391 in
777 1335 903 1408 agmine,
916 1335 948 1392 in

74 1433 237 1498 laboribus,
248 1432 381 1505 frequens
395 1434 514 1490 adesse:
536 1434 650 1490 taudem
663 1434 799 1499 strenuis,
813 1436 950 1492 solatium

75 1532 230 1599 invalidis,
256 1534 424 1604 exemplum
454 1532 588 1589 omuibus
615 1534 778 1590 ostendere.
820 1533 949 1600 Dehinc,

76 1631 146 1708 quia
161 1632 296 1688 duritiam
310 1630 386 1687 caeli
409 1630 587 1705 militiaeque
609 1632 692 1689 mutii
712 1634 888 1700 abnuebant,
901 1635 951 1690 de·

78 1731 281 1803 serebautque‚
316 1730 473 1785 remedium
511 1729 668 1787 severitate
702 1732 862 1804 quaesitum
896 1738 949 1788 est.

77 1830 148 1888 Nec
163 1829 251 1895 enirn,
266 1834 296 1884 ut
310 1827 340 1885 in
355 1828 421 1884 aliis
435 1829 620 1896 exercitibus,
636 1827 757 1900 primurn
772 1831 950 1903 alterumque

78 1929 221 1987 delictum
244 1929 331 1984 venia
363 1929 596 2001 prosequebatur,
623 1929 684 1993 sed,
712 1928 760 1999 qui
782 1927 866 2001 sigua
887 1929 950 1985 reti-

79 2035 193 2104 querat,
207 2026 305 2083 statim
320 2026 417 2098 capite
432 2044 540 2098 qroenas
558 2028 665 2083 luebat.
706 2027 798 2100 ldque
811 2044 862 2082 usu
877 2028 950 2083 satu-

77 2129 141 2193 bre,
150 2131 179 2182 et
194 2125 391 2182 misericordia
406 2125 509 2181 metius
523 2125 664 2197 adparuit.
679 2124 785 2198 quippe
800 2125 951 2197 pauciores

79 2225 132 2282 illa
147 2222 242 2281 castra
256 2224 418 2290 deseruere,
442 2241 586 2296 quemad,
609 2223 641 2279 in
663 2223 763 2297 quibus
782 2223 952 2297 ignosceba-

79 2329 135 2380 tur.
179 2322 300 2379 Interim
321 2323 457 2388 Corbulo,
476 2322 640 2395 legionibus
661 2323 736 2378 intra
758 2329 852 2379 castra
872 2324 1003 2385 habi-36
1081 2374 1083 2377 ,

38 2406 44 2419 ’
80 2423 128 2489 tis,
142 2422 237 2478 donec
258 2438 311 2477 ver
326 2422 515 2486 adolesceret,
539 2420 743 2494 dispositisque
761 2440 811 2493 per
829 2420 950 2479 idoneos
992 2483 994 2486 ,

81 2525 163 2578 iocos
184 2518 350 2577 cohortibus
372 2518 542 2585 auxiliariis,
563 2537 601 2575 ne
621 2532 747 2592 pugnarn
765 2519 872 2591 priores
892 2522 951 2577 adi·

81 2626 157 2684 rent,
170 2617 318 2690 praedicit.
331 2690 336 2697 ι
362 2617 469 2674 Curam
484 2618 691 2690 praesidiorum
703 2618 807 2676 Pactio
819 2619 952 2692 Orphito,

82 2716 229 2790 Primipiti
249 2719 358 2774 bonore
379 2715 538 2790 perfuncto,
559 2718 687 2774 mandat.
728 2719 768 2783 ls,
781 2736 953 2793 quamquam

81 2817 215 2874 incautos
230 2817 374 2882 barbaros,
389 2821 418 2872 et
440 2817 515 2872 bene
529 2817 674 2889 gerendae
689 2817 730 2873 rei
744 2834 844 2876 casum
858 2818 953 2875 offerri

83 2913 248 2987 scripserat,
273 2920 364 2970 tenera
389 2930 419 2969 se
452 2911 638 2980 munimentis,
662 2921 688 2970 et
713 2914 834 2971 maiores
859 2915 953 2990 copias

83 3010 213 3089 opperiri,
226 3013 348 3069 iubetur.
391 3013 450 3070 Sed
470 3016 553 3084 rupto
571 3011 702 3084 imperio,
722 3018 871 3084 postquam
886 3030 952 3084 pau·

84 3129 136 3171 cae
164 3130 181 3168 e
210 3110 349 3184 proximis
378 3111 507 3168 castellis
536 3115 646 3167 turmae
674 3110 862 3176 advenerant,
885 3127 952 3182 pug·
990 3102 993 3107 ’

83 3228 208 3284 namque
233 3209 379 3283 imperitia
400 3211 569 3282 poscebant,
591 3225 762 3281 congressus
781 3224 848 3264 cum
869 3208 952 3263 hoste

84 3309 220 3367 tunditur.
261 3309 301 3366 Et
328 3309 436 3365 damno
463 3308 524 3364 eius
552 3306 695 3374 exterriti,
721 3305 770 3381 qui
794 3305 952 3363 subsidium

84 3406 156 3465 ferre
194 3408 363 3474 debuerant,
400 3424 452 3464 sua
469 3406 605 3482 'quisque
642 3405 674 3463 iu
706 3412 802 3463 castra
841 3406 953 3478 trepida

5 3502 7 3511 ⁸
83 3505 149 3580 luga
173 3506 295 3564 rediere.
338 3507 425 3579 Quod
449 3506 578 3580 graviter
603 3504 732 3563 Corbulo
754 3504 887 3576 accepit:
903 3504 952 3562 in·

86 3606 281 3682 crepitumque
303 3605 447 3672 Pactiuru,
468 3609 499 3661 et
522 3602 691 3662 Praefectos
714 3603 877 3680 militesque
896 3609 952 3660 ten-
