2459 4267
66 296 105 403 a.
122 354 153 404 c.
169 359 206 403 n.
323 355 393 405 ma.
411 354 473 405 arr.
515 356 593 405 csr.
613 340 782 411 32.-34.
881 345 956 414 32³

65 525 139 567 non
160 507 326 578 atrocitate,
350 527 410 568 noo
434 512 595 571 crementis
619 517 792 583 mutabatur,
806 515 877 592 qnia
896 519 956 577 bet·

67 609 139 667 tum
159 613 323 677 exerceret,
335 609 496 684 castrisque
517 612 666 687 legionum
690 617 849 687 premenda
869 616 951 674 toret.

68 707 114 766 id
145 725 204 782 quo
226 709 383 781 promptius
412 710 537 777 veniret,
561 711 688 770 Colonia
707 712 952 784 Camntodunnm‚

67 807 181 865 valida
195 813 399 866 veteranorum
419 824 516 877 manu,
537 810 691 868 deducitur
704 811 735 869 in
757 830 841 886 agros
861 814 952 887 capti·

69 921 144 967 vos.
168 907 328 964 subsidium
347 909 489 965 advorsus
522 910 656 976 rebettes,
680 915 710 967 et
731 910 888 969 inbuandis
907 930 952 970 so

67 1006 134 1064 ciis
162 1007 199 1064 ad
226 1007 322 1065 otiicia
343 1008 447 1083 tegam.
495 1008 572 1066 itum
588 1009 658 1066 inde
672 1008 703 1065 in
725 1010 845 1078 Siluras,
865 1029 1005 1109 snper33

67 1106 224 1182 propriam
237 1104 384 1174 tesceiam,
406 1106 562 1164 Caractsci
577 1104 685 1164 viribus
698 1109 839 1166 confisos:
862 1128 950 1184 quem

67 1210 171 1267 matta
191 1207 335 1280 ambigua.
360 1206 449 1262 muita
475 1222 612 1278 prospera
625 1208 800 1275 extulerant,
819 1215 851 1265 nt
871 1215 950 1267 cete·

69 1322 123 1365 ros
139 1305 346 1364 Britannorum
360 1296 554 1377 imperatores
568 1303 771 1376 praemineret.
814 1306 873 1362 Sed
888 1310 957 1364 tum·

69 1412 152 1473 astu,
176 1411 237 1462 tum
266 1407 394 1461 iocorum
425 1402 525 1459 iraudo
549 1401 634 1474 prior,
660 1404 691 1458 vt
717 1403 843 1460 miiitum
876 1403 948 1462 inte

69 1503 145 1571 rior,
167 1503 300 1559 transfert
325 1503 433 1558 betium
454 1503 484 1559 in
509 1501 684 1567 Ordouicas,
705 1502 879 1577 additisque,
897 1503 948 1579 qni
1017 1564 1023 1580 ,

68 1619 181 1677 pacem
196 1608 321 1658 nostram
336 1603 511 1669 metuebant,
532 1598 723 1659 novissimum
745 1618 846 1675 casum
860 1620 948 1676 expe·

69 1699 162 1771 ritnr3
191 1706 307 1773 sumpto
333 1700 370 1757 ad
402 1699 541 1772 proelium
574 1701 652 1762 toea
680 1705 711 1756 ut
746 1700 851 1765 aditus.
883 1702 947 1758 abs·

67 1817 182 1866 cessus,
202 1804 311 1856 cuncta
342 1798 426 1855 nobis
446 1798 622 1871 importuna,
648 1803 679 1854 et
705 1798 765 1855 suis
786 1799 817 1856 in
843 1800 945 1858 metius

70 1903 183 1957 essent.
226 1897 314 1955 'l'unc
333 1898 478 1954 montibus
502 1897 608 1963 arduis,
628 1901 668 1963 at,
688 1895 714 1951 si
741 1914 798 1969 qua
817 1898 945 1955 uternen-

68 2003 118 2058 ter
131 1997 237 2054 accedi
255 2002 396 2070 poteraut,
417 1996 447 2052 in
464 1997 579 2053 modum
598 1994 671 2052 vatti
686 2012 759 2050 saxa
772 1993 944 2067 praestruit:

68 2104 103 2155 et
117 2096 295 2172 praefluebat
309 2094 402 2152 amnis
427 2095 504 2151 vado
528 2094 650 2160 incerto,
664 2098 859 2166 catervaeque
886 2110 944 2150 me·

66 2196 176 2254 liorem
195 2212 246 2267 pro
269 2193 455 2252 munimentis
482 2193 685 2250 constiterant.
728 2192 775 2249 Ad
798 2193 853 2249 boc
875 2210 995 2289 gen-3‘¹

66 2294 145 2377 tium
180 2294 325 2351 Ductores
348 2292 512 2359 circumire,
541 2291 659 2357 bortari,
685 2291 798 2348 tirmare
820 2291 943 2360 animos,

66 2394 231 2452 minuendo
258 2400 346 2457 metu,
366 2392 557 2449 accendenda
576 2408 638 2463 spe,
659 2390 781 2464 aliisque
807 2388 875 2447 betti
899 2390 943 2449 in·

63 2491 250 2551 citamentis.
298 2491 461 2547 Enimvero
484 2490 661 2547 Caractaous
686 2489 743 2546 huc
771 2488 841 2547 iiiuc
868 2488 942 2547 voti·

67 2597 146 2656 taus,
168 2591 272 2647 ‘ilium
286 2590 373 2653 diem,
388 2589 468 2646 ittam
491 2587 595 2655 aciem,
610 2589 779 2652 testabatur,
793 2593 843 2645 ant
867 2587 940 2646 reci·

66 2690 239 2763 ‘parandae
267 2688 419 2754 tibertatis,
439 2695 487 2744 sut
500 2687 652 2744 servitutis
671 2692 809 2745 aeternae
822 2686 940 2747 initium

66 2785 174 2845 ‘iore'
194 2788 375 2861 vocabatque
393 2787 511 2844 nomina
538 2786 703 2845 ‘maiorum
725 2785 775 2862 qui
806 2786 939 2847 Dictato·
981 2850 984 2857 ,

66 2890 151 2944 ‘rem
174 2885 331 2943 Gaesarem
362 2885 559 2958 pepulissent:
581 2902 699 2958 quorum
723 2885 829 2941 virtute
851 2885 938 2943 vacui

65 2990 75 3018 ‘
89 3001 108 3043 a
124 2985 272 3041 securibus
283 2989 312 3042 et
323 2983 447 3050 tributis,
461 2983 638 3041 intemerata
652 2981 809 3055 coniugum
822 2988 853 3039 et
866 2982 936 3039 tibe-

96 3155 290 3217 Genumana]
321 3156 387 3204 Nune
396 3157 527 3204 Celeiates.

66 3234 133 3341 dut
146 3236 278 3340 titrdovicus]
309 3236 521 3297 bepterntrionstrm
540 3238 627 3297 partem
647 3229 753 3284 Watliae,
769 3227 936 3290 Horta-Velm

114 3310 147 3339 ra
200 3329 205 3339 .

84 3309 227 3442 aSrrrrrlptiisud
244 3372 431 3444 Prarlr'umdom]
464 3371 570 3419 Fir-aditus
579 3369 686 3441 Curatius.
702 3364 828 3427 (Britannia
837 3380 865 3467 p
875 3368 936 3438 Ι524.)

65 3434 136 3479 tradit
155 3434 227 3477 iocum
246 3446 333 3493 pugnae
347 3433 414 3478 tuisse
431 3431 488 3492 apud
507 3431 666 3477 camanum
685 3426 793 3474 comitatu
807 3423 934 3481 samma

64 3489 224 3595 gitropsbire.)
262 3493 378 3575 'antiquae
397 3490 518 3538 memoriae
536 3489 618 3536 cottam
636 3487 850 3545 aduncostentaut,
868 3498 935 3544 quen

84 3560 125 3597 uss·
134 3548 342 3607 armenam.
603 3580 606 3588 ι
