2459 4267
82 345 119 392 s.
140 341 179 391 c.
197 346 235 390 rr.
335 340 405 389 sm.
423 339 500 390 xrn.
542 340 621 388 ese.
638 320 808 389 22.·-25.
910 319 982 390 367

85 502 213 555 martur
248 495 360 557 dubiae
384 497 587 557 ‘commisse
614 496 714 554 Palles
741 513 777 552 ac
806 495 924 564 Burrus,
951 505 985 559 nt

87 596 291 654 ‘Cornelius
326 596 419 663 Sulla,
442 596 618 653 claritudine
638 595 754 668 generis
776 600 806 650 et
834 596 985 654 adfinitate

87 693 266 761 ‘Claudii’
285 693 335 751 cui
356 711 408 767 per
420 695 536 766 nuptias
561 694 710 750 Antoniae
732 711 823 766 gener
836 701 908 760 erat,
928 697 986 754 ‘ad

83 793 289 866 ‘Imperium
323 790 495 850 vocaretur?
536 792 608 849 Eius
644 790 850 850 Accusationis
884 801 985 852 anetoe

91 891 226 950 exstitit
250 891 357 949 Paetus
383 891 509 965 quidam,
532 891 707 948 exercendis
740 891 816 964 apud
843 892 985 951 aerarium

91 990 292 1047 sectionibus
317 990 454 1055 ismarus,
484 996 513 1045 et
542 995 603 1046 tum
630 989 770 1048 vanitatis
805 992 984 1049 manifestus.

92 1090 177 1147 Nec
203 1095 264 1146 tani
288 1096 371 1162 grata
396 1088 538 1145 Pallantis
563 1086 742 1157 innocentia,
772 1108 858 1164 quam
884 1092 983 1164 gravis

93 1189 246 1261 supserbia
267 1187 339 1244 luit:
359 1186 475 1261 quippe,
497 1186 656 1244 nominatis
682 1187 793 1244 libertis
817 1190 890 1255 eius,
910 1206 983 1264 quos

95 1286 246 1346 conscios
260 1287 389 1352 baberet,
402 1285 573 1358 respondit:
592 1284 686 1341 ‘nibil
702 1302 828 1361 unquam
842 1305 874 1343 se
894 1288 982 1356 domi,
1053 1286 1056 1296 '

96 1386 184 1443 ‘nisi
197 1393 279 1444 ,nutu
301 1391 350 1442 aut
376 1401 475 1449 manu,
493 1383 685 1457 significasse,
709 1385 814 1450 vel,si
839 1387 920 1458 plura
933 1387 985 1444 de·

96 1484 315 1542 ‘monstranda
326 1483 653 1555 essentscriptousnm,
668 1501 705 1540 ne
715 1499 820 1541 vacem
830 1484 983 1543 consocia·

99 1580 193 1640 ‘rec’
233 1583 353 1646 Burrus,
360 1582 493 1651 quamvis
502 1599 576 1646 reus,
591 1581 668 1639 inter
681 1581 794 1641 iudicer
804 1585 983 1643 sententiam

101 1680 198 1739 dixit.
238 1680 430 1753 Eritiumque
450 1681 615 1737 aecusutori
628 1681 802 1754 inrogatum,
820 1689 851 1739 et
865 1686 982 1741 tabulae

101 1786 233 1845 exustae
247 1785 324 1846 suut,
336 1780 439 1853 quibus
453 1780 623 1836 oblitterata
636 1779 740 1836 aerarii
761 1781 881 1837 nomina
895 1789 982 1840 retru-

104 1877 209 1935 bebat.
252 1878 328 1936 Fine
355 1879 444 1944 anni,
463 1877 551 1935 statio
574 1876 712 1941 cohortis,
739 1878 872 1934 adsidere
906 1877 1035 1938 ruebat
1135 1919 1137 1925 -

104 1978 207 2044 solita,
219 1978 401 2058 demovetur,
423 1995 480 2050 quo
493 1976 585 2034 maior
597 1976 713 2048 species
729 1975 872 2033 libertatis
885 1982 981 2034 esset:

105 2085 198 2151 utque
213 2077 306 2142 miles,
321 2077 456 2133 tbeatruli
470 2074 608 2132 licentiae
631 2093 690 2132 non
706 2074 875 2147 permixtus,
889 2074 983 2134 incor-

104 2177 220 2249 ruptior
243 2180 363 2249 ageret;
383 2180 412 2232 et
435 2175 535 2247 plebes
562 2174 647 2230 daret
670 2172 913 2246 experimentum,
934 2192 982 2244 an,

106 2275 216 2334 emotis
250 2273 428 2339 custodibat,
469 2271 641 2329 modestiam
681 2271 827 2330 retineret.
869 2273 983 2331 Vrbem

108 2375 255 2446 Princeps
292 2372 435 2438 lustravit,
459 2388 476 2427 e
496 2386 635 2444 responsu
669 2369 872 2443 Haruspicum,
905 2373 982 2448 quod
1016 2448 1019 2452 r
1114 2400 1117 2405 <

108 2473 193 2535 lovis
207 2489 245 2529 ac
259 2470 415 2529 Minervae
430 2470 519 2527 aedes
532 2471 570 2526 de
580 2470 666 2527 caelo
679 2473 776 2526 tectae
790 2476 880 2528 erant.

77 2580 83 2589 ’
152 2572 190 2643 Q.
212 2570 347 2637 Volusio,
361 2570 394 2628 P.
418 2568 558 2640 Scipione
582 2583 663 2625 coss.
684 2567 776 2625 otium
800 2568 878 2636 loris,
897 2564 1033 2629 foedam

110 2670 189 2728 domi
216 2668 356 2735 lascivias
377 2685 433 2742 qua
458 2668 540 2724 Nero
563 2665 668 2724 itinera
690 2667 768 2725 urbis
788 2674 819 2725 et
834 2671 984 2742 lupanaria

110 2769 341 2834 etdiverticnlu‚
364 2773 449 2825 veste
469 2766 571 2823 servili
595 2766 626 2824 in
650 2766 912 2828 dissimulationem
937 2770 983 2828 sui

110 2867 298 2940 compositus,
320 2867 494 2939 pererrabat,
524 2865 742 2933 comitantibus,
767 2866 816 2941 qui
848 2874 982 2941 raperent

31 2988 40 3011 ⁸
110 2965 278 3025 venditioni
285 2964 429 3038 exposita,
437 2970 467 3020 et
477 2964 574 3021 obviis
586 2967 708 3020 vulnere
720 2965 869 3033 inferrent,
879 2967 981 3022 adver·

136 3141 210 3189 Corn.
221 3139 294 3201 Syllo]
327 3139 540 3194 Dehoev.12,52.

139 3220 210 3276 Apud
223 3217 341 3264 ceramum
359 3218 498 3278 seclioru'bnr]
541 3214 647 3262 Emendis
663 3212 734 3267 bonis,
752 3226 810 3274 quae
829 3229 843 3260 a
862 3215 982 3262 Praefectis
1069 3230 1074 3246 ¹

110 3279 190 3326 aerarii
200 3279 242 3324 sub
253 3278 318 3323 basta
328 3277 484 3323 venderentur.
515 3275 586 3322 Tales
595 3274 654 3321 enim
664 3274 777 3319 auenones
794 3280 844 3319 sunt
862 3275 962 3321 sectiones
971 3293 981 3331 ;

125 3339 146 3385 ni
164 3344 242 3384 emunt
253 3335 319 3389 bona,
329 3341 434 3381 sectarer:
448 3336 478 3381 de
497 3335 576 3394 quibus
594 3334 684 3379 videant
700 3333 784 3378 tirones
801 3332 862 3377 dicta
873 3334 894 3378 in
909 3333 982 3380 Clare

45 3439 49 3452 ,
92 3353 214 3445 dicerem
246 3395 283 3441 Sic
301 3394 392 3441 Claudii
410 3394 469 3440 bona
488 3393 613 3439 subedicto
634 3393 798 3438 Praefectomrn
814 3393 902 3437 venalia
921 3395 980 3452 apud

111 3455 220 3503 aerarium
231 3454 394 3518 pependerunt.
426 3454 487 3499 Suet.
498 3452 578 3498 Claud.
592 3467 612 3496 e.
624 3455 645 3497 9.

141 3533 254 3581 Vanitatis
275 3531 416 3593 mnisutrrr]
456 3532 533 3585 idest,
549 3529 667 3579 mendacii.
699 3529 736 3576 Sic
753 3527 841 3577 Tullius
860 3529 981 3586 Tusculani.

12 3640 14 3643 .
113 3591 186 3641 illl.
219 3590 486 3639 Vanitatinen‘tcscedr'l.
519 3589 583 3638 Brut.
