2459 4267
300 302 374 369 132
631 316 817 367 ιιιιιιιιιιι
1020 318 1050 368 ι.
1062 320 1094 368 .v.
1109 319 1164 371 πε

297 472 417 532 ‘iudice
431 473 469 531 ab
481 488 541 531 uno
554 470 670 531 facilius
689 471 817 530 discerni
829 491 836 527 ε
857 470 955 530 odium
969 475 1000 530 et
1019 471 1167 531 invidiam

295 572 393 646 ‘apud
403 576 509 630 muttos
518 570 638 629 valere?
680 571 765 629 Haud
775 571 894 628 saliebat
906 570 1059 630 Tiberium
1070 574 1165 630 moles

296 670 484 745 cognitionis,
501 687 613 745 quaque
632 669 695 742 ipse
716 670 792 727 tama
806 668 1020 726 distraheretur.
1061 668 1164 744 Igitur,

295 770 398 844 paucis
421 768 605 827 familiarium
629 768 777 833 adhibitis,
798 768 892 825 minas
911 768 1113 826 accusantium
1132 773 1164 825 et

296 867 367 925 hinc
381 884 481 941 preces
500 866 590 933 audit,
609 866 808 941 integramque
821 882 954 925 caussam
968 867 1004 922 ad
1019 868 1173 924 Senatum

245 964 282 1023 li
296 965 426 1023 remittit
469 965 567 1038 Atque
593 964 711 1021 interim
739 965 860 1031 Drusus,
887 964 1003 1022 rediens
1030 963 1162 1037 illyrico,

295 1078 466 1139 quamquam
484 1062 585 1118 Patres
603 1062 796 1130 censuissent,
825 1063 881 1119 ‘ob
899 1068 1047 1136 receptum
1065 1062 1163 1120 Maro·

297 1161 449 1224 ‘bodunm
475 1165 507 1216 et
533 1178 579 1217 res
606 1161 702 1233 priora
733 1167 845 1218 aestate
879 1167 985 1235 gestas,
1010 1169 1042 1226 ut
1068 1176 1164 1218 ovans

295 1255 420 1324 ‘iniret'
434 1259 546 1331 prolato
566 1260 686 1327 honore,
710 1261 811 1316 urbem
830 1260 961 1317 intravit.
1002 1257 1073 1316 Post
1087 1276 1162 1333 quae

294 1372 353 1425 reo,
379 1357 435 1414 ‘Ia
455 1356 633 1422 Arruntium,
648 1356 686 1414 ¹1¹.
703 1356 865 1423 Vinicium,
882 1356 1017 1414 Asinium
1031 1356 1174 1425 Gadium,

295 1454 501 1513 ‘Aeserninum
526 1455 709 1520 Marcellum,
734 1455 804 1511 Sex.
826 1454 996 1528 Pompeium
1016 1453 1170 1527 patronos’¹

294 1552 416 1627 petenti,
433 1552 526 1626 iisque
545 1553 663 1609 diversa
682 1554 901 1621 excusantibus,
923 1553 966 1610 Μ.
980 1552 1109 1625 Lepidus
1130 1559 1161 1611 et
1216 1613 1217 1622 ,

293 1651 329 1709 1..
344 1650 413 1707 Piso
426 1656 456 1707 et
476 1649 631 1707 Livineius
653 1650 781 1724 Regulus
802 1651 929 1719 adfuere,
947 1652 1065 1708 adrecta
1078 1651 1173 1710 omui·

293 1748 426 1815 civitate,
451 1753 575 1823 ‘quanta
590 1749 662 1806 tides
676 1750 779 1807 amicis
793 1749 944 1816 Germani,
964 1766 1037 1823 quae
1051 1750 1162 1809 fiducia

294 1852 377 1905 ‘reoz
402 1846 486 1904 satin'
499 1847 649 1905 cohiberet
663 1866 698 1905 ac
718 1854 860 1921 premeret
873 1865 975 1905 seusus
987 1864 1054 1904 suos
1069 1848 1162 1906 Tibe·

293 1944 388 2004 ‘rius’
401 1946 438 2003 iis
459 1947 535 2003 haud
556 1947 629 2004 stiae
652 1947 792 2004 intentior
815 1949 944 2020 populus,
965 1948 1029 2019 pius
1048 1946 1162 2005 sibim

282 2041 463 2118 Principem
495 2047 630 2102 occultae
664 2046 745 2102 vocis
779 2051 828 2102 aut
855 2044 1013 2119 suspicacis
1046 2045 1161 2104 silentii

243 2142 544 2217 lepronianum
571 2144 708 2209 Senatus,
728 2143 838 2201 Caesar
870 2143 1029 2200 orationem
1057 2144 1162 2204 habuit

292 2242 432 2299 meditato
445 2248 692 2338 temperamento:
720 2241 835 2302 ‘Patris
848 2245 893 2300 sui
913 2242 1056 2316 Legatum
1070 2251 1160 2319 atque
1213 2285 1214 2288 ι

291 2342 436 2399 ‘amicum
462 2341 597 2397 Pisonem
624 2340 721 2408 tuisse,
743 2340 958 2415 adiutoremque
978 2341 1162 2399 Germanico

290 2439 409 2496 ‘datum
422 2455 440 2495 a
453 2456 495 2504 se,
515 2446 633 2496 auctore
657 2440 777 2504 Senatu,
801 2443 884 2496 rebus
905 2440 981 2512 apud
1004 2440 1160 2498 Orientem

291 2535 551 2603 ‘administrandin
584 2537 648 2593 ittic
674 2537 859 2594 contumacia
885 2543 914 2593 et
947 2538 1158 2595 certaminibus

289 2637 468 2703 ‘asperasset
482 2632 630 2700 iuvenem,
644 2635 780 2709 exituque
795 2635 857 2692 eius
877 2637 1000 2692 laetatus
1013 2642 1104 2701 esset,
1118 2654 1157 2695 au

289 2731 418 2785 ‘scetere
438 2729 640 2799 exstinxisset,
662 2732 782 2807 integris
803 2734 908 2791 animis
925 2734 1157 2807 dijudicantium.
1216 2761 1217 2806 3

288 2827 396 2894 ‘Nam
415 2828 442 2885 si
461 2829 588 2902 Legatos
612 2831 702 2888 officii
724 2832 872 2896 terminos,
896 2832 1065 2906 obsequium
1086 2849 1158 2909 erga
1216 2821 1217 2876 ἶ

288 2927 524 2999 ‘Imperatorem
556 2928 648 2994 exuit,
682 2929 867 3004 eiusdemque
900 2937 991 2987 morte
1017 2939 1047 2986 et
1072 2932 1157 2990 tuctu

288 3034 374 3085 ‘meo
392 3028 515 3084 laetatos
535 3033 596 3094 est3
623 3028 719 3093 odero,
738 3045 932 3104 seponamque
946 3046 963 3085 a
976 3030 1063 3085 domo
1077 3047 1156 3100 mes,

288 3131 338 3182 ‘et
356 3125 485 3199 privatas
506 3125 677 3181 inimicitias
700 3144 758 3183 non
784 3128 814 3183 vi
838 3126 985 3199 Principis
1009 3128 1156 3187 ulciscare

288 3224 352 3280 ‘sin
371 3223 492 3289 facinus,
509 3223 539 3280 io
559 3224 755 3306 cuiuscunque
776 3226 938 3283 mortatium
963 3230 1037 3283 nece
1058 3226 1156 3285 vindi·
1216 3211 1217 3228 ¹

193 3339 197 3345 ’
287 3323 441 3387 ‘candum
454 3321 618 3394 detegitur3
646 3340 699 3378 vos
719 3341 789 3379 vero
803 3331 832 3379 et
851 3324 956 3381 liberos
971 3324 1170 3396 Germanioi·

286 3424 338 3474 ‘et
361 3435 414 3475 nos
441 3427 585 3492 parentes,
611 3422 694 3477 iustis
721 3421 832 3478 solatiis
858 3423 983 3479 adicite.
1009 3424 1173 3498 simulque·
1216 3403 1217 3468 i

287 3514 377 3573 ‘iliud
399 3524 540 3588 reputate,
563 3519 674 3576 turbide
696 3524 726 3577 et
748 3519 886 3578 seditiose
911 3522 1081 3581 bactavmit
1101 3539 1154 3586 ex·
