2459 4267
285 389 358 460 306
612 408 797 463 annuntius
1019 419 1051 464 a.
1064 413 1095 463 v.
1109 415 1159 465 tan
1211 446 1212 461 t

283 562 484 622 discordantes
505 563 536 622 in
557 565 712 624 eonsilium
733 570 831 633 vacat,
853 568 909 624 ‘ae
933 578 1075 640 promere
1097 584 1157 624 aen·
1211 564 1212 573 ’

253 652 427 720 2‘tenttarn
438 668 467 719 ei
477 663 606 721 adiicere
620 663 756 721 rationes'
775 664 865 721 labet.
907 664 1070 723 Narcissus
1090 675 1159 722 ‘re-

284 764 350 817 ‘ius
365 760 588 827 matrimonium,
609 761 750 819 familiam
763 762 970 829 communem?
993 761 1078 841 (nam
1101 766 1159 820 Aa·

285 858 367 916 lania
394 876 433 914 ex
472 858 577 915 Patina
612 857 690 935 erat)
714 859 807 917 ‘nihil
838 861 869 916 iu
902 861 1072 918 Penatibus
1098 861 1157 917 eins

285 954 432 1021 ‘aarum’
463 957 631 1025 disserebat,
665 958 714 1014 ‘si
747 964 831 1016 sueta
861 960 998 1017 coniunx
1036 961 1157 1025 rediret;

283 1052 520 1128 ‘haudquaquam
541 1055 747 1112 novercalibus
766 1056 842 1112 odiis
856 1074 974 1114 usuram
998 1058 1033 1115 in
1049 1058 1158 1114 Britan·

283 1151 402 1209 ‘ninum
423 1158 454 1209 et
479 1152 648 1218 Octaviam,
669 1154 802 1226 proxima
824 1156 883 1211 auis
905 1153 1055 1228 pignora?
1096 1155 1160 1212 Gai·

283 1250 367 1308 lisina
385 1250 584 1323 ‘inprobatam
600 1253 687 1325 langa
710 1251 845 1317 dissidio,
869 1269 915 1318 ae,
938 1253 968 1310 si
992 1271 1093 1311 rursus
1112 1253 1156 1308 ad
1206 1257 1212 1265 ’

283 1355 471 1416 ‘sumerelun
485 1368 525 1407 ea
534 1350 598 1423 ipsa
607 1352 777 1423 superbam:
798 1352 942 1425 longeque
968 1353 1083 1409 rectius
1094 1350 1158 1409 m.

284 1447 373 1505 ‘liam
396 1448 509 1516 induci,
531 1450 648 1522 quanda
671 1451 765 1506 nullos
789 1448 895 1505 liberas
919 1451 1085 1522 genuisset,
1109 1464 1155 1504 va·

282 1552 388 1601 ‘auam
405 1546 610 1612 aemulatione,
631 1553 662 1604 el
686 1546 829 1621 privignis
844 1547 975 1620 parentis
995 1551 1066 1605 loeo
1087 1547 1156 1602 iutu-

247 1692 253 1703 .
283 1641 385 1699 ‘rami
425 1644 466 1700 At
481 1644 578 1700 Pallas
597 1644 627 1700 ld
642 1644 770 1702 maxime
792 1645 826 1702 in
841 1645 1008 1720 Agrippina
1033 1646 1155 1710 laudare,

284 1742 380 1815 ‘quod
394 1742 565 1800 Germanioi
587 1749 724 1815 nepotem
745 1761 845 1801 aenam
868 1745 1009 1812 traheret,
1038 1744 1154 1817 dignam

285 1844 419 1914 ‘prorsus
433 1840 635 1914 lmperatnria‘
650 1841 782 1911 lartuna3
813 1842 934 1915 stirpem
961 1843 1107 1908 nabilem,
1126 1843 1155 1896 ai

285 1938 433 1997 ‘familiae
459 1940 603 1997 Claudiae
629 1955 704 2013 quae
729 1946 860 2014 posteras
885 1941 1154 2017 enniangere13ne

285 2036 415 2096 ‘lamina
428 2043 567 2111 expertae
581 2037 778 2104 fecunditatis,
791 2038 904 2113 integra
917 2039 1054 2106 inventa,
1077 2034 1156 2095 clari·

255 2135 439 2196 8‘tudinanr
451 2137 609 2194 Caesarum
621 2137 708 2193 atiam
722 2137 753 2194 in
767 2137 884 2213 domum
897 2136 1009 2194 terret’
1032 2137 1154 2195 Praera-

285 2236 366 2292 luere
388 2236 472 2302 haee,
492 2236 591 2292 adiuta
617 2235 798 2308 Agrippinae
821 2236 988 2302 intenebris,
1011 2230 1156 2310 quemad

286 2350 362 2399 eum,
384 2351 435 2406 per
454 2334 583 2406 speeiem
598 2334 831 2401 amaritudinis,
853 2336 956 2391 erebro
971 2332 1152 2397 ventilanda,

284 2431 400 2504 pellicit
411 2437 552 2504 patruum,
563 2438 594 2488 nt
608 2433 736 2503 praelata
749 2433 865 2498 peteris,
878 2438 909 2489 et
928 2434 1063 2490 nondum
1075 2446 1152 2494 uxor,

284 2528 417 2602 patentia
444 2531 546 2586 uxoria
573 2529 632 2587 iam
659 2537 795 2587 uteretur.
836 2532 926 2596 Nam,
952 2530 1003 2587 uhi
1032 2530 1078 2587 sni
1097 2543 1151 2585 aaa·

284 2625 414 2682 trimonii
440 2634 521 2683 aeria
544 2627 607 2693 init,
627 2634 746 2685 struere·
759 2629 876 2696 maiora,
897 2629 1071 2704 nuptiasque
1095 2626 1151 2682 Da·

284 2722 372 2786 milii,
392 2738 477 2796 quens
499 2741 538 2780 ex
562 2726 619 2782 On.
644 2729 822 2784 Aenobarhn
842 2733 990 2801 genuerat,
1015 2733 1047 2784 et
1068 2726 1150 2783 oea·

285 2821 363 2888 viae,
378 2821 515 2878 Caesaris
533 2821 620 2889 hiiaa,
644 2826 762 2883 metiris
778 2828 853 2901 quod
872 2828 937 2883 siue
957 2827 1072 2882 aeelere
1091 2838 1148 2896 per·

286 2920 394 2996 petrari
425 2937 485 2976 nnn
512 2926 635 2993 poterat,
661 2925 730 2998 quia
758 2926 793 2982 L.
822 2926 926 2983 Silano
957 2923 1151 2998 desponderat

287 3019 444 3078 Octaviam
458 3019 576 3086 Caesar,
589 2998 783 3100 iuvenemque
797 3030 826 3080 ei
840 3025 899 3080 alia
909 3026 1031 3089 claram,
1043 3015 1149 3092 insigni

241 3146 243 3150 ·
288 3118 504 3191 triumphalium
530 3124 560 3176 ei
586 3120 751 3192 gladiatorii
771 3123 897 3181 mameria
924 3117 1151 3196 magnificentia,

216 3271 218 3275 .
287 3219 445 3292 protulerat
457 3218 493 3273 ad
507 3217 602 3274 attalia
617 3219 707 3292 vulgi.
748 3221 807 3277 Sed
832 3220 906 3277 nihil
930 3221 1049 3277 arduum
1073 3216 1148 3273 vide·

287 3318 373 3375 batur
398 3317 554 3379 inanima
581 3317 735 3391 Principis,
759 3318 808 3375 aui
832 3337 892 3376 nna
919 3318 1068 3384 iudicium,
1092 3328 1150 3372 aaa

256 3417 388 3482 indiam
410 3421 481 3483 erni,
505 3414 563 3474 uisi
585 3415 679 3474 indita
700 3424 731 3474 et
754 3416 840 3474 iussa.
882 3417 975 3492 Igitur
1002 3413 1150 3478 Vitellius,

311 3587 458 3655 ‚diutim
472 3588 584 3650 Domitia]
612 3589 707 3636 Domitii
718 3589 820 3651 Neronis,
831 3595 910 3652 pastea
918 3589 1037 3656 Principia
1053 3588 1093 3637 Cn
1104 3584 1148 3636 lla

287 3651 353 3695 turtio
361 3646 513 3698 Ahenobarbo
521 3654 544 3695 et
559 3648 768 3715 Agrippiaageniti.
