2459 4267
287 366 360 432 314
609 383 794 433 annamvn
1015 385 1159 439 svesa

285 536 318 595 ia
339 536 457 595 Siracos
481 542 614 612 pergam,
633 544 664 596 et
683 538 854 613 transgressi
877 555 996 598 amnem
1017 540 1159 612 Pandam,

284 636 521 695 circumveniunt
538 638 639 695 urbem
653 638 765 711 Vspsn,
785 639 895 696 editam
915 641 992 707 ioco,
1005 646 1035 696 et
1050 641 1159 699 moeni·

285 734 338 793 bos
352 753 388 794 sc
401 735 484 795 toreis
504 737 662 806 munitam
685 737 741 794 nisi
761 739 836 812 qnod
857 739 985 806 moenia,
1000 756 1062 796 non
1076 756 1157 813 sexo,

284 835 336 892 sed
350 836 476 893 cratibus
490 842 520 891 et
540 834 689 899 vimentis,
709 853 744 892 ac
766 835 865 893 medii
884 838 981 904 hamo,
1002 839 1158 897 adversum

283 932 481 1006 inrumpentes
495 932 627 991 inualida
638 941 738 991 erant:
759 936 938 1009 eductaeque
952 937 1043 993 attius
1058 943 1157 1006 turres,

281 1031 392 1090 facibus
411 1036 497 1106 atque
510 1031 602 1089 hastis
624 1034 779 1091 turbabant
799 1036 940 1092 obsessos.
957 1051 1004 1103 ao,
1025 1036 1057 1092 ui
1078 1052 1157 1108 proe-

282 1131 353 1190 lium
373 1148 432 1188 nos
455 1131 630 1199 diremisset,
652 1137 760 1206 coepta
783 1138 953 1207 patrataque
973 1135 1157 1208 expugnatio
1187 1120 1199 1139 '
1227 1156 1228 1179 t

234 1220 409 1289 Uenusiem
435 1231 511 1289 intra
535 1231 613 1290 diem
638 1230 719 1289 toret.
761 1230 883 1289 Postero
907 1231 1013 1288 misere
1034 1235 1156 1306 legatos,

283 1328 391 1388 uenimus
403 1327 500 1388 tiberis
512 1328 675 1407 caputium
687 1336 819 1386 orantes:
842 1327 950 1386 semitir'
960 1328 1051 1387 &cem
1064 1328 1156 1386 milia

282 1428 452 1486 offerebant
465 1431 542 1504 quod
560 1429 728 1502 adspernati
746 1433 813 1485 sunt
829 1429 967 1494 victores,
986 1429 1055 1504 quia
1071 1429 1156 1486 truci·
1227 1478 1229 1499 ,

281 1530 350 1586 dare
370 1528 484 1585 deditos
503 1545 634 1592 mesum,
655 1533 767 1585 tantam
787 1526 1003 1585 multitudinem
1022 1528 1156 1585 custodia
1227 1520 1228 1529 ’

281 1627 399 1701 cingere
412 1628 550 1683 arduum:
571 1626 643 1683 betti
660 1627 755 1699 potius
769 1626 831 1684 iure
842 1628 990 1684 caderent.
1034 1628 1156 1685 Datum-

281 1744 337 1800 que
357 1726 507 1790 militibus,
531 1725 579 1800 qui
601 1725 690 1783 scutis
718 1730 882 1791 evaserant,
907 1726 1024 1799 signum
1045 1727 1154 1783 caedis
1215 1780 1223 1807 ,

281 1825 411 1884 Excidio
439 1825 619 1898 Vspensium
653 1831 748 1883 metus
779 1826 887 1882 ceteris
913 1825 1051 1891 iniectus,
1079 1826 1154 1882 nituit

280 1930 376 1984 tutum
402 1924 481 1993 retis,
507 1942 574 1982 cuns
600 1940 690 1985 arma,
721 1925 911 1989 munimenta,
939 1914 1076 1997 impediti
1105 1925 1154 1980 vei

281 2025 445 2082 eminentes
467 2023 533 2088 toci,
554 2039 710 2096 amnesque
730 2027 761 2079 et
781 2024 866 2079 urbes
884 2022 967 2078 iuxts
987 2039 1153 2095 perrumpe·

281 2129 389 2181 rentur.
430 2122 522 2197 igitur
536 2122 683 2187 Zorsines,
696 2121 745 2178 diu
761 2121 915 2194 pensitato,
932 2119 1152 2177 Mithridatisne

281 2226 367 2281 rebus
389 2221 537 2288 extremis,
558 2237 596 2276 an
620 2220 713 2294 patrio
738 2198 850 2294 Regno
865 2198 1052 2288 consulerem
1074 2225 1151 2292 post·
1227 2298 1228 2303 η

281 2341 367 2398 quum
385 2321 557 2395 praevaluit
588 2319 708 2394 gentitis
736 2318 857 2387 utititas,
885 2319 962 2376 datis
991 2318 1151 2385 obsidibus,

280 2424 356 2494 apud
371 2422 496 2494 effigiem
512 2418 647 2477 Cameris
668 2418 829 2491 procubuit,
845 2434 950 2492 magna
963 2416 1058 2490 gioria
1071 2434 1152 2474 exer·

279 2519 356 2579 citus
376 2519 511 2584 Romani,
529 2536 614 2593 quem
635 2518 818 2575 incruentum
838 2522 868 2573 et
891 2516 1044 2581 victorem,
1064 2513 1148 2572 tridui

278 2617 385 2674 itinere
405 2618 529 2674 abfuisse
553 2618 591 2672 ab
615 2632 701 2673 amne
726 2615 826 2674 Tanai
850 2613 992 2672 constitit.
1037 2615 1098 2670 Sed
1117 2612 1148 2668 in

278 2732 409 2788 regressu
427 2715 525 2787 dispar
548 2713 663 2771 fortuna
682 2715 753 2784 snit3
777 2714 851 2789 quia
869 2713 987 2770 narium
1001 2713 1148 2786 quasdam,

278 2832 351 2890 qnae
376 2814 448 2871 mari
472 2817 650 2882 remeabant,
676 2814 708 2871 in
733 2814 819 2871 litora
843 2813 1009 2870 Taurorum
1035 2813 1147 2868 delatas

278 2914 495 2972 circumvenere
509 2913 639 2979 barbari,
653 2913 802 2986 praesecto
814 2911 942 2969 cohortis
957 2917 987 2966 et
1002 2910 1147 2983 plerisque

230 2990 489 3091 ¹8centurionum
507 3012 681 3070 interiectis.
723 3012 840 3069 Interea
860 3010 1047 3067 Mithridates
1068 3009 1149 3066 nutto
1227 3056 1228 3059 ,

278 3116 310 3173 in
324 3116 410 3172 armis
423 3112 560 3179 subsidio,
581 3113 736 3178 consultat,
754 3113 839 3168 cuius
853 3107 1084 3166 misericordiam
1098 3122 1149 3162 ex·

278 3216 426 3289 periretur.
467 3213 570 3270 Frater
584 3211 687 3283 Cotys,
698 3208 826 3280 proditor
835 3209 916 3274 otim,
926 3207 1035 3263 deinde
1047 3203 1149 3270 hostis,

278 3315 476 3384 metuebatur:
504 3311 700 3368 Romanorum
721 3324 807 3364 nemo
827 3308 856 3364 id
876 3305 1060 3363 auctoritatis
1082 3306 1148 3360 ade·

277 3421 331 3480 rat,
345 3419 375 3470 nt
390 3410 528 3485 promissa
542 3409 605 3466 eius
620 3407 717 3480 magni
738 3408 942 3480 penderentur.
986 3405 1035 3462 Ad
1050 3405 1148 3461 Eunu

277 3529 336 3567 nen
350 3508 505 3577 convertit,
517 3507 638 3579 propriis
651 3505 726 3562 odiis
747 3522 805 3562 nou
819 3504 975 3566 intensum,
989 3508 1019 3559 et
1034 3518 1148 3567 recens,

277 3607 434 3663 coniuncta
450 3606 600 3663 nobiscnm
615 3604 755 3667 amicitia,
776 3603 924 3664 validum..
959 3601 1055 3674 igitur
1066 3602 1149 3657 cuitu

277 3704 414 3776 vultuque
439 3720 526 3776 quam
558 3702 688 3760 maxime
720 3702 758 3760 ad
790 3706 975 3776 praesentem
1000 3698 1145 3757 fortunam
