2459 4267
285 353 334 419 50
595 370 795 421 eunomus
1014 374 1090 423 nv.
1106 376 1159 425 rea

284 524 355 583 ‘rit
396 526 454 584 Pro
482 526 605 585 iuventa
624 531 654 584 et
681 544 778 584 errore
805 526 860 585 lilii
886 526 1005 586 veniam
1032 525 1157 602 precor:

284 625 394 683 ‘filiam
409 627 588 684 necessitate
613 627 672 684 huc
696 627 862 694 adductam,
877 627 978 684 lateor.
1000 634 1078 684 tuum
1103 629 1162 685 erit

284 727 478 792 ‘consultare
507 733 600 782 utrum
626 726 807 799 praevalent,
841 726 918 798 quod
955 744 995 783 ex
1020 726 1159 784 Arminio

284 824 447 897 ‘concepit,
467 842 505 881 an
529 825 604 898 quod
638 841 677 881 ex
705 841 751 881 nne
775 824 876 897 genita
908 824 974 881 est.'
1033 825 1158 893 Caesar,

283 922 423 980 clementi
436 935 583 996 responso,
605 922 704 980 liberis
718 922 941 997 propinquisque
961 922 1024 980 eius
1043 923 1158 981 incolu-

282 1022 424 1087 mitatem,
441 1021 496 1094 ipsi
516 1023 617 1079 sedem
637 1030 738 1079 vetere
761 1021 793 1079 in
815 1022 971 1095 provincia
990 1021 1157 1095 pollicetur.

281 1119 454 1179 Exercitum
477 1120 602 1187 reduxit,
628 1138 792 1196 nomenque
816 1120 1011 1194 Imperatoris,
1036 1127 1157 1179 auctore

284 1219 418 1285 Tiberio,
445 1220 569 1294 aceepit.
613 1219 741 1278 Arminii
766 1237 840 1277 uxor
859 1220 952 1277 virilis
977 1238 1067 1277 sexus
1094 1221 1161 1277 stir-

281 1335 350 1391 pem
376 1318 490 1375 edidit:
518 1321 658 1377 educatus
693 1320 856 1376 Ravennae
884 1337 964 1393 puer,
998 1337 1056 1393 qno
1083 1338 1156 1377 mox

229 1408 272 1467 59
283 1417 406 1475 ludibrio
416 1418 600 1475 condictatus
614 1419 662 1485 sit,
675 1419 706 1475 in
719 1425 850 1491 tempore
862 1420 1036 1476 memorabo.
1058 1419 1156 1477 Fama

283 1516 376 1574 dediti
409 1517 591 1593 benigneque
625 1516 744 1589 excepti
782 1518 913 1590 Segestis
953 1520 1082 1592 vulgata,
1123 1520 1160 1573 ut

284 1617 443 1691 quibusque
465 1619 574 1674 bellum
600 1616 705 1673 invitis
729 1620 779 1671 aut
797 1616 982 1688 cupientibus
1004 1620 1077 1683 erut,
1104 1633 1160 1688 spe

284 1718 334 1772 rel
349 1717 447 1772 dolore
472 1716 624 1789 accipitur.
667 1715 843 1782 Arminium,
865 1732 950 1788 super
964 1714 1081 1772 insitam
1096 1714 1160 1770 vio-
1229 1732 1230 1745 ¹

285 1814 417 1883 lentiam,
432 1821 514 1888 rapta
537 1831 620 1881 uxor,
633 1813 781 1871 subiectus
800 1812 924 1870 servitio
937 1812 1035 1870 uxoris
1050 1817 1160 1880 uterus,

285 1914 443 1971 vecordem
476 1914 625 1988 agebant:
656 1913 856 1987 volitabatque
895 1929 946 1986 per
981 1912 1160 1979 Cheruscos,

286 2029 367 2070 arma
393 2014 424 2071 iu
451 2013 613 2087 Segestem,
637 2012 761 2069 armaio
776 2012 933 2069 Caesarem
954 2028 1088 2084 poscens.
1109 2029 1164 2068 ne·
1228 2089 1229 2096 ἵ

286 2132 343 2191 que
367 2113 477 2187 probris
497 2115 693 2186 temperabat:
729 2110 908 2185 ‘Egregium
930 2116 1056 2183 patrem!
1080 2128 1164 2184 mag·
1228 2163 1229 2190 ,

287 2221 380 2273 ‘num
406 2214 633 2288 Imperatorem!
655 2211 758 2268 fortem
778 2210 958 2267 exercitum!
980 2228 1100 2285 quorum
1115 2214 1162 2267 tot

288 2318 410 2372 ‘manus
437 2330 523 2370 unam
551 2312 749 2368 mulierculam
772 2309 936 2366 evexerint.
997 2309 1063 2365 Sibi
1099 2316 1161 2366 tres

290 2412 449 2486 ‘legionen
475 2410 596 2467 totidem
620 2412 730 2483 legatos
755 2407 950 2480 procubuisse.
991 2408 1062 2463 Non
1077 2408 1162 2465 enim

289 2515 344 2565 ‘se
369 2508 541 2583 proditione,
568 2525 663 2582 neque
698 2507 837 2563 adversus
862 2506 985 2563 leminea
1012 2505 1165 2579 grandes,
1228 2513 1229 2518 ’

290 2608 360 2664 ‘sed
385 2606 633 2680 palam-adversus
655 2611 780 2662 armatos
800 2607 907 2663 bellurn
922 2611 1053 2680 tractare.
1075 2606 1164 2663 cerni
1228 2675 1229 2678 Ἴ

290 2707 405 2763 ‘adhuc
420 2705 632 2763 Germanorum
657 2707 688 2764 in
717 2708 791 2763 lucis
813 2707 897 2780 signa
922 2706 1064 2772 Romana,
1084 2724 1165 2779 qnae

290 2804 365 2863 ‘diis
396 2804 496 2877 patriis
522 2805 714 2879 suspenderit.
748 2809 858 2862 coleret
880 2807 1018 2879 Segestes
1047 2805 1165 2863 vietam

291 2905 421 2979 ‘ripamz
442 2905 579 2960 redderet
592 2904 653 2962 tilio
680 2903 891 2962 sacerdotium:
913 2904 1061 2961 bominem
1087 2905 1167 2962 Ger·

290 2999 414 3064 ‘manos
429 3020 583 3077 numquam
609 3003 681 3062 setis
702 3011 899 3069 excusaturos,
923 3006 998 3078 quod
1012 3005 1091 3062 inter
1107 3008 1165 3064 Al·

291 3113 300 3141 ‘
314 3106 373 3164 bim
387 3109 417 3161 et
429 3103 562 3161 Rhenum
579 3102 675 3175 virgas
688 3107 718 3159 et
732 3119 848 3159 secures
863 3110 893 3159 et
907 3109 1004 3176 togam
1021 3102 1164 3162 viderint.

290 3205 376 3264 ‘aliis
402 3202 547 3279 gentibus,
571 3200 737 3275 ignorantia
760 3201 875 3274 imperii
913 3201 1049 3269 Romani,
1077 3203 1166 3261 inex·

321 3356 622 3419 Pompnmouuuluo]
654 3356 721 3416 Apud
736 3355 794 3402 alios
811 3354 865 3401 nihil
882 3353 963 3416 reperi,
994 3355 1089 3401 Tacitus
1105 3357 1166 3406 baec

291 3418 425 3470 narraverit,
434 3418 457 3463 in
467 3416 531 3462 rebus
541 3415 591 3462 Gaii
601 3418 641 3460 aut
650 3414 748 3472 Claudii,
757 3414 820 3460 libris
834 3414 871 3474 qui
881 3413 1004 3473 perierunt.
1035 3414 1099 3471 lips.

320 3496 470 3600 wawggm
477 3494 576 3601 Eunus]
607 3492 705 3539 Videtur
721 3493 744 3539 in
764 3497 839 3540 mente
856 3492 960 3539 babuisse
977 3492 1050 3539 lonrsn
1071 3491 1167 3552 Virgilii

292 3554 455 3688 Aeilg'aoiuortiir
472 3567 562 3700 invinius·
581 3600 688 3700 Ronruni]
719 3630 787 3690 Quasi
798 3630 875 3677 dieat:
891 3629 1068 3691 longinquiores
1084 3635 1167 3688 gentes

292 3690 551 3751 murwntnnperbo
567 3694 591 3736 et
608 3689 824 3750 impersollomano,
834 3690 884 3752 ipso
892 3690 944 3749 situ,
954 3694 979 3736 et
995 3689 1166 3739 Romauosnee
