2459 4267
58 370 84 415 a
100 367 128 415 c.
145 373 180 417 rr.
281 372 352 419 nra.
378 370 401 417 1.
455 371 535 421 cae.
560 354 731 421 51.-53.
882 356 931 425 ld

58 543 109 597 que
130 526 366 585 communivere.
409 521 550 601 Quietum
578 529 649 587 inde
675 530 750 587 iter:
781 529 930 605 fidemque

57 625 221 683 recentibus
239 645 275 685 ac
290 627 415 701 priorum
435 628 543 685 oblitus
566 628 651 685 mileu
665 628 696 686 in
710 628 841 686 hibernia
855 632 932 687 loca-

57 730 106 781 tur.
148 726 362 784 Nunciata'ea
384 727 539 784 Tiberium
564 727 677 786 laetitia
703 744 830 802 curaque
854 727 984 787 odie-52

56 839 136 880 cere:
155 827 317 899 gaudebat,
343 843 513 898 oppressam
537 826 736 884 aeditionem:
764 828 826 894 aed,
853 829 931 902 qood

55 923 210 996 largiendis
247 924 382 998 pecuniis
409 931 440 981 et
470 925 608 982 misaione
636 926 772 983 testinata
798 925 931 984 savorem

56 1022 174 1079 militum
188 1024 397 1098 quaesivisset,
410 1024 518 1081 heilica
541 1042 653 1098 quoque
674 1023 845 1082 Germanici
868 1028 931 1099 glo-

54 1119 102 1186 ria,
115 1125 289 1195 augebatur.
331 1122 445 1180 Retulit
469 1129 567 1179 tamen
581 1124 619 1178 ad
636 1124 777 1180 Senatum
791 1125 828 1179 de
843 1125 929 1181 rebus

56 1221 148 1295 gestia,
164 1209 316 1294 multaque
330 1222 367 1277 de
382 1220 489 1277 virtute
510 1220 573 1276 eiua
595 1219 777 1286 memoravit,
791 1222 882 1295 magia
895 1221 929 1281 in

56 1321 180 1392 speciem
203 1320 305 1377 verbis
332 1323 481 1386 adornata,
507 1337 594 1394 quam
620 1325 652 1376 ut
679 1320 792 1390 penitus
818 1320 928 1378 sentire

57 1420 228 1476 crederetur.
280 1418 471 1504 Paucioribna
499 1419 625 1474 Drusum
646 1422 678 1473 et
700 1416 789 1475 finem
813 1419 928 1494 lllyrici

58 1524 144 1573 motus
159 1516 305 1581 laudavit,
319 1518 370 1573 aed
386 1516 534 1582 intentior,
553 1523 584 1572 et
608 1516 666 1572 lida
678 1515 820 1573 oratione.
839 1534 928 1576 cunc-

58 1620 146 1689 taque,
174 1634 254 1690 quae
282 1614 476 1672 Germanicus
491 1616 659 1682 indulserat,
678 1615 810 1673 servavit
836 1616 927 1674 etiam

58 1714 333 1787 apudPannonicoe
355 1713 511 1771 exercitus.
582 1751 587 1758 ·

92 1814 203 1870 Eodem
219 1830 300 1869 anno
314 1813 388 1870 lulia
402 1830 566 1885 supremum
580 1813 659 1870 diem
678 1813 761 1882 obiit,
781 1814 820 1870 ob
834 1814 924 1887 impu·
934 1819 978 1884 53

57 1910 182 1969 dicitiam
209 1913 283 1969 olim
308 1930 326 1968 a
353 1918 435 1984 patre
457 1914 590 1986 Augusto
617 1912 793 1970 Pandateria
820 1913 925 1982 insula,

58 2026 120 2067 mox
133 2012 246 2084 oppido
267 2012 453 2084 Reginorum,
477 2012 525 2084 qui
551 2011 683 2069 Siculum
709 2011 814 2069 fretum
841 2028 927 2069 acco-

58 2109 125 2176 lunt,
137 2112 249 2167 clausa.
292 2110 402 2167 Fuerat
414 2109 446 2167 in
473 2111 659 2168 matrimonio
673 2109 800 2174 Tiberii,
824 2108 926 2166 floren·

58 2205 127 2263 tibur
147 2208 225 2265 Caio
252 2213 284 2265 et
313 2201 630 2273 Lucio‚'Gaeeuribua,
650 2214 867 2279 spreveratque,
894 2211 929 2266 ut

57 2303 198 2377 imparem.
227 2307 356 2363 necaliu
385 2314 444 2363 tam
467 2306 572 2364 intima
596 2305 723 2363 'l'iberio
746 2321 850 2361 canera
870 2321 924 2363 cur

58 2402 185 2462 Rhodum
211 2406 400 2462 abscederet:
431 2406 583 2476 imperium
611 2404 743 2476 adeptus,
769 2410 924 2473 extorrem,

57 2499 199 2572 infamem,
224 2509 264 2569 et,
277 2509 342 2575 pout
367 2502 553 2560 interiectum
568 2504 737 2561 Postumum
753 2503 924 2577 Agrippam,

59 2601 144 2658 omnia
158 2602 223 2675 spei
252 2619 385 2676 egenam,
409 2602 509 2675 inopia
523 2620 559 2658 ac
587 2605 655 2659 tabe
676 2606 763 2676 longa
791 2604 923 2677 peremit,

59 2698 203 2757 abacorum
219 2701 278 2759 lore
293 2718 397 2758 necem
412 2701 624 2782 longinquitate
638 2702 736 2759 exsilii
756 2709 842 2759 ratua.
865 2702 922 2759 l’ar
995 2711 997 2714 ’

60 2812 151 2855 caussa
190 2798 334 2856 saevitiae
367 2799 399 2856 in
433 2800 636 2871 Sempronium
664 2801 839 2865 Gracchum,
873 2800 922 2875 qni

59 2894 158 2953 lumilia
172 2896 275 2965 nobili,
288 2900 390 2954 sollers
404 2898 524 2972 ingenio
538 2904 567 2954 et
587 2916 677 2971 prave
692 2899 841 2964 facundus,
855 2916 923 2955 ean·

60 2992 118 3051 dem
138 2996 243 3054 lulium
262 2996 294 3053 iu
316 2996 502 3054 matrimonio
525 2997 566 3053 Μ.
589 2998 737 3070 Agrippae
762 3004 922 3054 temerave-

60 3095 104 3148 rat.
144 3096 211 3151 Nec
235 3095 260 3152 ie
287 3094 403 3152 libidini
417 3094 492 3152 linia.
514 3097 648 3152 traditam
674 3096 807 3159 Tiberio,
828 3092 923 3164 pervi-

61 3204 110 3247 cax
135 3194 248 3265 adulter
266 3196 452 3251 contumacia
466 3200 495 3250 et
522 3195 598 3251 odiie
612 3194 643 3251 in
671 3192 804 3250 maritum
819 3207 923 3245 accen·

61 3287 157 3348 debatr
177 3294 358 3367 litteraeque,
385 3271 455 3366 quiae
484 3294 559 3350 lulia
595 3293 669 3364 patri
696 3293 828 3363 Augusto
856 3304 923 3345 cum

62 3383 247 3448 insectatione
270 3391 385 3448 Tiberii
399 3391 555 3463 seripaiua
580 3391 719 3447 Graccho
742 3386 922 3455 compositae

60 3488 250 3547 credebantur.
294 3490 384 3563 lgitur
402 3499 515 3548 amotus
541 3490 708 3555 Cercinam,
745 3484 839 3543 Alrici
864 3503 922 3543 ma-

61 3582 236 3657 diiunctum,
262 3592 477 3664 quatuordecim
495 3589 580 3663 annia
605 3589 742 3649 exsilium
771 3584 920 3644 toleravit.
