2459 4267
258 320 341 415 8³8⁸
573 360 757 411 musarum
982 363 1140 414 arsos.

257 534 331 593 quae
344 517 403 576 duo
415 515 608 592 deliquerant.
622 515 788 576 Cumanus:
807 518 839 573 et
850 514 933 590 quies
955 515 1140 590 provinciae

204 621 247 679 55
259 617 381 675 reddita.
421 616 488 673 Neo
510 618 601 675 multo
625 624 689 689 post
705 613 872 688 Agrestium
892 613 1018 672 (lilinum
1032 616 1138 673 natio·

261 733 328 783 nes,
349 713 453 790 quibus
479 711 621 771 Glitmrm
641 718 876 788 momentum,
898 730 987 785 saepe
1006 712 1138 771 etuliu

260 819 437 881 commotae,
461 819 541 879 tuno,
565 812 731 869 umnore
754 812 849 878 Duce,
871 815 985 869 montes
1008 828 1137 884 aspero·

257 911 360 971 eastris
372 928 487 985 aspere,
498 915 584 985 atque
597 910 668 967 inde
680 912 804 967 decursu
817 908 849 966 in
868 909 954 967 litora
965 912 1133 979 saturnos,

257 1011 320 1068 vim
341 1009 498 1067 cultoribus
518 1016 549 1066 et
571 1008 738 1084 oppidanis,
761 1024 798 1065 ao
818 1007 1028 1083 plemmquein
1051 1025 1133 1066 rner-

255 1114 369 1167 ostores
391 1112 423 1165 st
436 1107 641 1175 navicularios,
654 1109 809 1167 sudabant.
850 1107 1030 1181 Obsessuqne
1051 1106 1135 1165 oiri-

256 1212 303 1266 tsr
315 1206 546 1276 Anemuriensis,
560 1212 591 1265 et
604 1207 686 1267 missi
699 1226 717 1264 e
731 1206 819 1280 Syria
831 1206 863 1263 in
875 1205 1037 1268 srmsidinm.
1046 1204 1134 1280 equi·

258 1310 391 1375 teanum
405 1306 554 1380 praelecto
578 1306 682 1364 (lurtio
705 1307 826 1372 Severo,
849 1306 1018 1362 turbantur:
1047 1304 1132 1378 quw

258 1405 324 1465 duri
349 1405 461 1464 circum
482 1405 551 1474 lori,
582 1404 783 1479 peditibusque
806 1403 844 1460 ad
865 1420 991 1477 pugnam
1014 1402 1128 1470 idonei,

255 1512 389 1578 equestre
403 1503 543 1576 proelium
557 1504 633 1561 baud
653 1503 845 1576 patiebantur.
887 1502 967 1561 Dein
981 1502 1048 1560 Rex
1061 1503 1127 1560 eins

254 1617 322 1659 orae
332 1601 506 1669 Antiochus,
517 1599 725 1659 blandimentis
734 1602 873 1658 adversus
886 1603 1012 1676 plebem,
1023 1600 1126 1658 [raude

253 1698 287 1757 in
302 1699 428 1763 Ducem,
440 1715 508 1756 oum
522 1700 708 1759 barbarorum
725 1700 826 1774 copias
834 1701 1035 1767 dissociasset,
1048 1699 1127 1756 Τω-

254 1780 551 1875 ιοὴοτο,’ρωοίιᾳυο
589 1798 760 1873 primoribus
796 1798 969 1865 interiectis,
1008 1802 1125 1856 eeteros

202 1914 245 1974 53
255 1897 413 1957 elementis
425 1897 596 1972 composuit.
639 1898 701 1954 Sub
714 1897 791 1955 idem
805 1903 927 1970 tempus,
938 1897 1014 1954 inter
1027 1899 1127 1977 laeum

255 1997 403 2057 Fucinum
429 2013 600 2072 amnemque
635 1994 728 2061 Lirin,
755 2001 891 2069 perrupto
925 2001 1033 2065 monte,
1066 2013 1128 2070 quo

255 2095 475 2171 magnificentia
497 2095 593 2169 operis
608 2093 734 2168 pluribus
754 2093 904 2161 viseretur,
925 2096 991 2151 laou
1004 2094 1038 2151 in
1059 2093 1127 2166 ipso

252 2198 362 2253 navate
376 2194 517 2268 proelium
537 2194 708 2260 adornatum
742 2197 774 2249 ut
794 2193 938 2266 quondam
964 2195 1127 2265 Augustus,

253 2292 422 2350 structoris
443 2292 577 2350 Tiberim
590 2297 703 2365 stagno,
724 2292 777 2347 sed
799 2291 913 2347 levibus
941 2290 1078 2364 navigiis,
1092 2295 1127 2348 et

253 2392 367 2450 minore
390 2391 476 2462 oopia
499 2383 640 2448 ediderat.
681 2389 821 2447 claudius
833 2390 965 2447 triremes
978 2389 1128 2463 quadrire-

253 2507 372 2566 mesque
385 2504 415 2548 et
427 2488 612 2564 undeuiginti
627 2488 775 2545 hominum
790 2487 881 2546 millia
894 2489 1030 2554 armavit,
1043 2489 1128 2548 oino-

253 2595 286 2648 to
300 2591 407 2647 ratibus
421 2588 540 2654 ambitu,
555 2606 593 2645 ne
614 2605 689 2660 ruga
703 2587 810 2661 effugia
831 2588 942 2656 lorent3
963 2605 999 2644 ao
1023 2594 1126 2647 lamen

252 2689 378 2760 spatium
398 2688 558 2757 amplexus,
572 2687 609 2742 ad
624 2686 685 2743 uim
709 2685 832 2758 remigii,
844 2687 1068 2758 gubernantium
1081 2705 1125 2745 ar·

254 2791 308 2849 tes,
335 2784 459 2855 impetus
483 2782 613 2849 navium,
638 2790 669 2840 et
696 2783 806 2856 proelio
832 2783 926 2840 solita.
954 2783 986 2841 in
1014 2785 1126 2842 ratibus

254 2884 465 2944 Praetoriarnm
486 2880 649 2939 cohortium
676 2881 818 2955 manipuli
841 2887 1010 2955 turmaeque
1036 2884 1128 2940 adsti-

254 2989 359 3051 terunt,
373 2980 543 3057 antepositis
564 2979 795 3054 propugnaculis,
815 2998 853 3036 ex
874 2981 937 3053 quis
956 2984 1127 3054 catapultae

253 3087 445 3159 ballistaeque
473 3079 669 3139 tenderentur.
710 3078 834 3153 Reliqua
866 3080 946 3135 laous
980 3080 1127 3138 classiarii

253 3238 454 3289 Tribunomimum
471 3237 501 3283 ad
520 3235 647 3288 Caesarem,
657 3231 694 3294 qni
709 3232 739 3277 de
756 3246 782 3277 re
799 3238 942 3290 cognosceret
959 3236 1125 3294 statueretque.

255 3301 293 3347 lta
301 3300 403 3345 Cumano
409 3296 509 3342 exsilium
524 3294 660 3399 irropsdtmu:
676 3292 780 3337 Celerem
796 3293 910 3338 remissum
928 3290 1091 3349 Hieroeolymu
1099 3300 1126 3339 et

255 3360 346 3405 vicatim
357 3359 500 3416 discerptum
532 3353 595 3410 nep.

285 3433 455 3493 magnificentia
478 3431 557 3492 operis]
589 3431 654 3482 Quae
670 3427 855 3476 exllosebiisive
873 3428 1006 3484 Hieronymi
1026 3433 1082 3475 nota
1099 3429 1123 3477 in

253 3494 366 3539 Chronico
382 3491 485 3537 elucebit.
517 3490 636 3538 Claudios.
657 3488 735 3548 inquit,
755 3489 814 3532 circo
830 3489 882 3533 boec
898 3493 993 3542 tempero
1006 3487 1126 3534 Fucinum

254 3553 328 3597 lucum
339 3550 460 3597 andecam.
472 3550 574 3594 undecim
591 3561 661 3593 nonos
676 3546 893 3603 trigintulrnminum
909 3545 1069 3594 mutilandos
1086 3548 1124 3594 ἰπ-

251 3607 544 3666 nnmubmoperords'lus.
574 3606 637 3666 [ripe.
648 3605 707 3654 adde
716 3607 778 3655 Suet.
788 3620 808 3653 o.
818 3608 856 3655 2⁰.
873 3605 934 3653 Emi.
1008 3632 1013 3637 -
