2459 4267
288 399 361 469 256
611 418 797 468 susurras
1021 421 1151 470 avus.

221 556 229 569 '
289 574 394 649 Syrise
421 574 550 648 imagine
587 572 707 632 taudem
747 577 897 632 exsolutus
938 575 1009 632 urbi
1036 575 1154 648 praetue-

286 680 339 732 rat.
379 691 471 749 geum
507 675 552 732 illi
591 677 761 745 decorum,
802 674 905 731 vivida
928 683 1093 744 senectus;
1128 678 1155 731 et

286 792 346 832 uon
392 773 532 848 permissa
569 775 723 847 provincia
762 773 964 847 dignationem
1001 775 1154 833 addiderit.
1213 762 1215 775 ⁴

286 873 378 940 Exin,
418 874 529 931 Flacco
563 873 726 945 Pomponio
758 873 863 947 Syriae
881 864 1088 948 'Propraetore
1112 873 1157 929 da·

285 972 395 1038 iuncto,
435 973 593 1029 recitantur
634 969 773 1030 Caesaris
807 973 932 1038 litterae,
964 974 1037 1048 quia
1082 974 1154 1028 incu-

285 1072 377 1137 sabat,
403 1070 567 1144 ‘egregium
591 1088 744 1146 quemque,
766 1080 797 1129 et
822 1072 959 1146 regendis
983 1071 1155 1129 exercitibus

285 1169 450 1236 ‘idoneum
476 1172 604 1227 abnuere
628 1171 658 1227 id
683 1186 800 1241 mussas
821 1189 910 1246 seque
937 1191 976 1228 ea
1004 1150 1156 1229 necessitu-

285 1267 424 1326 ‘dinead
448 1286 550 1343 preces
574 1269 651 1342 cogi,
675 1286 727 1342 per
748 1288 819 1344 quas
841 1270 1052 1327 Consularium
1072 1265 1155 1341 ntiqui
1214 1332 1215 1341 χ

286 1376 455 1442 ‘capessere
481 1348 649 1441 prouincias
675 1366 886 1442 adigerentur?
913 1370 1028 1428 oblitus
1055 1369 1155 1425 Arrun·
1214 1390 1215 1397 ¹

286 1467 367 1530 tium,
378 1485 416 1523 ne
427 1467 457 1523 in
475 1466 647 1537 Hispaniam
662 1471 802 1540 pergeret,
810 1467 961 1524 decimum
978 1467 1038 1524 iam
1053 1479 1154 1522 annum

284 1563 419 1620 adtineri.
462 1563 543 1620 Obiit
558 1565 662 1621 eodem
677 1569 799 1623 annuet
816 1565 856 1623 Μ.
872 1565 1015 1639 Lepidus,
1030 1565 1067 1622 de
1081 1561 1156 1620 cuius

285 1661 483 1720 moderatione
497 1668 582 1737 atque
597 1662 744 1735 sapientia
765 1664 796 1722 in
820 1663 962 1736 prioribus
987 1663 1070 1722 libris
1088 1660 1152 1719 sutis

284 1761 450 1820 conlocavi.
470 1779 564 1836 neque
579 1760 718 1820 nobilitas
734 1762 842 1823 diutius
855 1764 1085 1823 demonstranda
1098 1764 1153 1817 est:

284 1861 391 1937 quippe
408 1860 570 1920 Aemilium
586 1879 678 1935 genus
699 1862 854 1919 seeundum
875 1864 1019 1920 bonorum
1039 1860 1151 1922 civium,

285 1968 316 2019 et
343 1961 393 2037 qui
418 1962 521 2019 eadem
555 1960 675 2029 familia,
708 1961 849 2036 corruptis
877 1962 1019 2031 moribus,
1046 1954 1152 2017 inlustri

286 2067 386 2119 tamen
401 2060 513 2118 fortuna
527 2077 623 2134 egere.

233 2170 273 2229 ⁶28
326 2161 430 2218 Paullo
451 2159 555 2223 Fabio,
575 2160 610 2216 L.
626 2157 752 2216 Vitellio
773 2175 854 2218 coss.
876 2164 940 2232 post
962 2161 1085 2234 longum
1097 2172 1153 2214 sse·

285 2263 414 2319 culorum
429 2259 579 2325 ambitum,
597 2257 664 2314 avis
686 2257 814 2330 phoenix
828 2257 860 2314 in
877 2258 1052 2332 Aegyptum
1068 2248 1152 2335 uenit,

285 2359 473 2433 praebuitque
501 2356 652 2414 materiem
683 2355 862 2413 doctissimis
894 2355 1102 2432 indigenarum
1127 2355 1153 2409 el

286 2458 475 2521 Graecorum,
495 2459 586 2513 multa
609 2471 751 2529 supereo
772 2455 912 2513 miraculo
932 2455 1105 2514 disserendi.
1119 2451 1151 2508 de

284 2556 388 2629 quibus
402 2560 573 2628 congruunt,
586 2560 617 2611 et
638 2556 719 2626 plura
734 2554 876 2627 ambigua,
895 2556 946 2612 sed
961 2556 1084 2631 cognitu
1099 2566 1152 2608 uon

285 2655 416 2720 absurda,
438 2671 569 2724 promere
588 2653 670 2710 libet.
713 2653 835 2711 Sacrum
859 2653 913 2711 soli
936 2655 966 2711 id
989 2654 1108 2718 animal,
1125 2650 1152 2705 et

284 2769 333 2809 ore
347 2768 382 2807 eo
396 2751 537 2806 distinctu
558 2750 712 2822 pinnarum
726 2769 744 2807 n
758 2752 863 2809 ceteris
881 2753 984 2810 avibus
1000 2754 1152 2812 diversum,

285 2849 483 2913 consentiunt,
502 2849 550 2923 qui
566 2848 689 2907 formam
704 2852 767 2908 eius
782 2852 931 2909 definiere.
973 2853 1023 2910 De
1039 2862 1151 2910 nurnero

287 2968 426 3008 annorum
442 2948 523 3005 varia
537 2951 695 3008 traduntur.
709 2952 838 3009 maxime
853 2954 1003 3025 vulgatum
1017 2951 1152 3026 quingen·

288 3058 381 3109 turum
400 3048 534 3124 spatium.
554 3054 631 3117 sunt,
651 3051 700 3123 qui
721 3051 906 3117 adseverent,
928 3051 1009 3107 mille
1024 3046 1151 3125 quadrin-

287 3157 390 3226 gentos
414 3149 568 3222 sexaginta
591 3166 680 3206 unum
706 3149 854 3218 interiiei,·
880 3148 1047 3224 prioresque
1071 3146 1151 3203 alites

288 3250 451 3309 Sesostride
466 3249 598 3321 primum,
613 3254 677 3320 post
691 3249 831 3304 Amaside
844 3248 1074 3314 dominantibus,
1086 3241 1149 3300 dein
1214 3268 1215 3271 ¹

288 3351 469 3414 Ptolemaeo,
482 3348 532 3422 qui
551 3366 590 3404 es
612 3346 824 3415 Macedonibus
847 3346 948 3403 tertius
967 3345 1109 3420 regnavit,
1121 3340 1148 3396 in

287 3450 450 3511 civitatem,
463 3446 512 3503 oui
533 3446 697 3519 Heliopolis
716 3462 832 3511 numen,
853 3443 1051 3521 aduolavisse,
1065 3441 1149 3500 multu

286 3552 448 3604 ceterarum
465 3548 612 3603 volucrum
627 3545 775 3613 comitatu,
796 3560 905 3600 novam
925 3542 1032 3601 taciem
1051 3541 1147 3599 miram

286 3646 369 3701 tium.
411 3645 471 3700 Sed
493 3643 650 3718 antiquitas
672 3643 787 3720 quidem
808 3643 948 3702 obscura:
970 3643 1046 3703 inter
1060 3626 1147 3698 Ptole·
