2459 4267
72 344 98 392 a.
114 344 141 392 c.
162 347 198 393 rr.
299 343 370 390 rus.
398 343 421 390 ι.
468 341 546 391 cer.
576 323 634 391 13.
654 325 712 391 lt.
900 325 947 394 19

70 495 229 560 morem
255 494 730 573 Iasrmreammtsdtgum,
756 497 837 566 etsi
864 516 948 559 casus

70 594 198 664 daretem
229 611 376 653 maurum.
418 596 467 654 Ile
497 595 637 670 prioribus
669 596 867 655 consentitur:
896 615 948 671 pro

71 696 218 757 Arruntio
250 696 368 770 quidam
399 697 456 755 On.
480 695 619 755 Pisonem
642 696 804 754 tradidere:
835 713 948 755 omnes·

73 814 139 871 que,
152 799 272 870 praeter
284 796 440 869 Lepidum,
451 795 540 853 variis
550 812 620 854 mox
628 794 807 864 criminibus,
818 801 948 855 struente

73 894 208 962 Tiberio,
232 894 430 952 circumventi
452 899 543 952 sunt..
569 894 670 953 Etiam
694 895 732 967 Q.
756 893 895 952 Haterius
916 900 948 953 et

72 993 242 1052 Mamercus
258 994 385 1051 Scaurus
395 993 577 1067 suspicacem
590 993 719 1053 animum
732 994 946 1068 perstrinxere:

74 1092 224 1161 Haterius,
237 1109 305 1149 eum
327 1092 462 1160 dixisset,
483 1093 661 1168 ‘Quousque
683 1091 812 1166 patieris,
826 1092 947 1161 (laesar,

72 1195 149 1250 ‘non
163 1192 269 1248 adesse
279 1197 368 1264 caput
382 1188 602 1265 reipublicae?
636 1189 771 1258 Scaurus,
784 1192 853 1267 quia
865 1192 947 1251 dixe·
977 1199 981 1210 ⁴

73 1294 127 1357 rat,
145 1295 253 1362 ‘spem
267 1306 332 1346 esse
346 1307 386 1347 ex
407 1306 453 1358 eo,
468 1306 528 1348 uon
547 1288 655 1348 inritas
671 1290 732 1347 lore
746 1291 872 1349 Senatus
885 1307 948 1364 pre·

72 1390 253 1463 ‘cesmquod
278 1388 416 1446 relationi
429 1389 590 1448 Consulum
610 1390 674 1446 iure
692 1388 883 1447 Tribunieiae
897 1406 947 1463 po-

75 1489 209 1545 ‘testatis
242 1504 301 1545 non
333 1486 565 1546 intercessisset!
605 1489 642 1545 ln
663 1488 817 1545 Haterium
848 1488 947 1547 statim

74 1585 212 1643 invectus
225 1590 286 1655 est;
308 1588 459 1654 Scaurum,
468 1586 517 1644 cui
531 1585 746 1659 implacabilius
759 1587 948 1655 irascebatur,

76 1685 198 1742 silentio
208 1684 341 1742 tramisit.
362 1685 510 1760 lassusque
523 1687 651 1743 clamore
662 1685 802 1753 omnium,
812 1691 947 1758 expostu-

6 1857 8 1870 ,
77 1784 186 1841 latione
200 1783 389 1857 singulorum,
403 1783 486 1841 flexit
500 1783 661 1857 paullatim,
676 1801 735 1842 non
756 1790 788 1841 ut
810 1784 948 1843 fateretur

6 1885 7 1888 ’
78 1881 184 1955 suscipi
207 1900 225 1939 a
239 1900 271 1938 se
285 1882 447 1955 imperium,
460 1883 512 1939 sed
525 1889 555 1939 ut
570 1900 677 1957 negare
690 1888 720 1941 et
729 1884 822 1958 rogari
833 1884 947 1943 desine·

79 1986 130 2038 ret
183 1981 319 2049 Constat,
352 1980 515 2046 Haterium,
535 1998 608 2044 ,oum
637 1983 814 2055 deprecandi
844 2000 947 2041 caussa

79 2080 216 2152 palatium
228 2078 387 2147 introisset,
409 2080 640 2155 ambulantisque
660 2081 777 2138 Tiberii
790 2099 885 2155 genua
898 2082 947 2138 ad-

82 2180 253 2272 volveretur,
268 2195 357 2251 prope
371 2177 537 2235 amilitibns
548 2178 818 2251 interfectum,quia
832 2178 948 2236 Tiberi-

82 2294 120 2345 us,
132 2295 201 2335 casu
212 2295 251 2335 an
267 2277 400 2335 manibus
415 2278 477 2334 eius
490 2278 658 2352 impeditus,
671 2277 844 2349 prociderat.
853 2293 947 2350 neque

86 2378 176 2433 tamen
184 2376 319 2450 periculo
335 2375 403 2433 talis
414 2376 470 2433 viri
481 2377 630 2451 mitigatus
640 2380 694 2443 est,
704 2376 799 2432 donec
810 2375 948 2433 Haterius

85 2476 240 2549 Augustam
253 2480 359 2539 oraret,
378 2474 497 2549 eiusque
516 2473 709 2533 curatissimis
730 2475 864 2547 precibus
884 2492 946 2548 pro-

84 2576 228 2647 tegeretur.
271 2572 366 2630 Multa
387 2574 505 2631 Petrum
519 2579 549 2630 et
570 2574 601 2631 in
626 2575 786 2648 Augustam
807 2575 944 2633 adulatio.
959 2577 998 2635 14

86 2672 142 2729 Alii
156 2670 314 2739 Potentem,
328 2671 379 2729 alii
390 2672 514 2729 Matrem
519 2670 633 2747 potuim
643 2674 845 2745 appellandam
857 2693 864 2743 ;
886 2679 945 2748 ple·

84 2769 167 2844 rique,
191 2776 223 2828 ut
242 2772 355 2828 nomini
345 2771 504 2829 Caesaris
525 2771 743 2839 adscriberetur,
757 2772 946 2854 luliaejtlius,

84 2871 245 2927 censebant.
260 2870 321 2937 ille,
341 2868 523 2926 moderandos
531 2867 709 2947 feninorum
720 2868 846 2939 honoret,
861 2873 945 2930 dioti-

6 3007 9 3024 ,
86 2971 152 3035 tans
165 2966 546 3045 cadosqueaetcmperoats'u
559 2966 721 3025 mnemia
734 2968 779 3038 iis,
800 2987 871 3046 qaue
890 2968 948 3027 rili

6 3129 8 3134 ¹
87 3063 283 3125 tribuerentur.-
301 3072 430 3124 ceterum
445 3068 550 3124 anxius
570 3067 692 3135 invidia,
710 3074 740 3125 et
754 3069 946 3126 muliebrela·

6 3237 8 3252 ἱ
87 3165 194 3240 stigium
218 3168 249 3225 in
268 3167 499 3225 deminutionem
512 3168 557 3224 sui
581 3167 740 3240 accipiens,
760 3186 798 3224 ne
813 3167 946 3224 lictorem

6 3261 8 3336 ξ
88 3264 195 3336 quidem
208 3266 237 3322 ei
251 3266 370 3323 decerni
385 3283 484 3339 passus
499 3272 560 3337 est;
581 3283 717 3340 aramque
737 3262 902 3335 adoptionis
917 3270 947 3321 et

6 3399 8 3418 .
89 3361 142 3418 alia
153 3364 350 3425 huiuscemodi
372 3364 527 3438 prohibuit.
569 3367 612 3423 At
627 3362 806 3422 Germanico
827 3362 946 3421 Caesari

90 3516 245 3633 wiffam]
282 3518 380 3580 Liviam,
397 3518 481 3566 dietam
500 3532 587 3581 quoque
602 3518 700 3576 dolium,
714 3521 740 3564 ut
756 3530 807 3564 mos
823 3516 897 3579 capite
912 3534 945 3567 se
