2459 4267
67 392 96 445 a
110 391 142 443 a.
156 394 197 451 υ.
326 389 396 438 urs.
420 390 455 439 u.
506 392 586 443 aar·
611 326 750 443 2.--4,Κ
869 377 943 445 231

68 545 163 605 debat
181 540 350 602 auctoritati
368 542 496 617 parentis
515 543 638 605 anteire.
660 548 741 613 tuac,
760 548 845 605 vetut
856 547 945 607 imnis

68 642 210 711 exsoluti,
228 648 434 717 proruperunt:
463 643 625 718 missaeque
646 643 678 701 in
694 644 889 718 Agrippinam
908 664 947 706 ac

68 742 226 801 Neronem
245 741 373 808 litterae,
391 758 463 814 quas
485 741 598 814 pridem
618 742 741 809 misna
753 748 785 800 et
799 744 947 803 cohibitae

68 842 105 899 ab
120 842 267 915 Augusta,
281 839 408 897 credidit
421 842 535 914 vulgus.
555 840 634 903 baud
647 839 728 901 euim
744 842 867 901 nutem
880 848 947 916 post

68 944 196 998 martem
217 938 281 999 sias
302 938 444 999 recitatae
468 942 543 997 suut
565 938 655 995 verba
676 937 792 999 inerunt
814 940 947 1014 comita

68 1037 248 1111 asperitate:
269 1036 322 1095 sed
343 1053 403 1095 non
421 1052 512 1104 arma,
532 1053 592 1093 non
613 1052 707 1095 rerum
728 1054 872 1097 novarum
889 1044 948 1096 stu-

69 1135 172 1206 ὅπως
191 1151 302 1192 amares
319 1131 458 1198 tanmem,
479 1139 506 1193 et
523 1130 716 1209 iupuufiaidasn
734 1136 835 1210 nepoti
848 1137 947 1197 obiec-

68 1234 161 1292 tebat.
176 1233 208 1291 iu
229 1250 332 1293 numm
347 1251 384 1290 ue
405 1232 436 1290 id
460 1231 577 1306 quidem
596 1233 764 1306 confingere
783 1251 878 1301 ausus,
898 1234 947 1293 ad·

69 1330 234 1408 regentium
263 1329 323 1389 orie
350 1337 378 1390 ei
410 1335 598 1387 contumacus»
630 1327 758 1387 mimum
787 1330 946 1402 incusavit,

69 1447 179 1504 magno
194 1431 319 1488 Senatus
333 1446 443 1503 pavore
457 1445 493 1486 ac
507 1427 643 1485 sitentiot
664 1428 758 1487 donec
774 1430 868 1503 pauci,
883 1431 947 1506 quis

70 1531 154 1587 uuita
168 1547 207 1586 ex
228 1529 352 1586 honesto
371 1545 448 1601 spes,
468 1523 513 1603 (et
534 1526 653 1599 publicu
673 1529 751 1587 mala
770 1528 893 1604 siugulis
914 1529 946 1588 in

70 1626 260 1686 occasionem
281 1627 392 1699 gratiae
409 1622 573 1700 trahuntur)
590 1630 621 1682 ut
641 1624 802 1704 rfferretun
821 1629 946 1701 postuta-

70 1743 152 1794 vere,
181 1725 396 1798 promptissimo
422 1724 511 1782 Cotta
546 1723 730 1793 Messattino‚
756 1743 825 1784 cum
853 1725 947 1785 atroci

71 1823 239 1882 sententia:
258 1825 311 1881 sed
333 1823 399 1881 atiis
417 1840 435 1881 a
455 1822 636 1896 primoribus,
657 1823 842 1898 maximeque
856 1841 874 1881 a
888 1840 946 1882 ma-

71 1923 250 1998 gistratibus,
274 1922 493 1997 trepidabatur:
519 1920 626 1995 quippe
652 1920 802 1990 Tiberius,
823 1922 881 1979 etsi
903 1921 947 1979 ia·

71 2023 153 2083 tense
167 2021 314 2088 invectus,
336 2026 436 2080 cetera
457 2024 592 2097 ambigua
614 2022 782 2101 reliquerat.
824 2019 894 2077 Fuit
915 2018 946 2076 in
957 2043 977 2099 4

73 2121 187 2177 Senatu
209 2120 310 2177 Iunius
322 2120 479 2187 Rusticus,
499 2121 711 2193 componendis
733 2119 853 2176 Patrum
872 2117 946 2174 actis

72 2218 205 2275 delectus
226 2233 245 2273 a
266 2216 404 2285 Caesare,
426 2236 518 2292 eoque
543 2217 750 2275 meditationes
775 2215 837 2272 eius
859 2216 947 2272 intro

71 2315 184 2388 spicere
211 2314 359 2372 creditus:
393 2315 427 2383 is,
461 2315 544 2386 {atati
571 2316 696 2390 quodam
730 2322 811 2373 motu
837 2315 946 2394 (neque

72 2413 234 2472 animante
255 2414 404 2488 specimen
425 2417 609 2473 constantiae
630 2410 764 2491 dederat)
783 2432 834 2471 seu
856 2418 946 2487 prava

73 2514 200 2581 solertia,
223 2514 301 2582 dum,
328 2513 535 2573 inminentium
563 2514 681 2580 oblitus,
703 2512 817 2570 incerta
847 2518 946 2586 pavet,

72 2611 200 2671 inserere
232 2631 263 2668 se
294 2612 502 2683 dubitantibus,
528 2631 564 2672 ac
591 2622 710 2673 monere
735 2614 889 2681 Consules,
913 2630 950 2673 nc

73 2708 233 2766 relationem
251 2709 421 2787 inciperent:
440 2712 664 2787 disserebatque,
684 2710 812 2770 breuibus
829 2729 946 2769 unomen·

74 2805 111 2865 tis
136 2826 248 2866 usnemu
279 2808 349 2866 uerti
375 2827 469 2886 posse,
496 2810 659 2888 quandoque
691 2809 854 2870 Germarsici
879 2809 946 2868 stir-

71 2923 142 2982 pen,
162 2907 212 2965 ubi
232 2907 356 2984 matium
375 2908 560 2983 pnoeitentiae
585 2910 671 2979 senis,
698 2927 854 2986 resurgere.
902 2909 947 2966 Si·

76 3009 133 3062 mut
155 3009 284 3081 populus,
299 3007 409 3081 effigies
430 3009 610 3084 Agrippinae
625 3027 660 3067 ac
683 3008 811 3066 Neronis
831 3023 952 3086 gerens,v

75 3103 262 3163 circumsistit
281 3105 400 3173 curiam,
420 3107 558 3182 testisque
575 3109 607 3166 in
627 3092 786 3165 Caesarem
799 3103 944 3169 omnibus,

65 3202 164 3280 sudeus
182 3202 303 3281 Mnus,
327 3209 353 3261 et
375 3203 507 3282 Principe
530 3204 616 3262 inuita
636 3201 751 3262 exitiusn
774 3197 950 3257 domnicius

75 3301 190 3366 innui,
212 3303 353 3360 clamitat.
382 3304 425 3362 ita
449 3305 525 3362 nibil
548 3304 631 3361 triste
652 3302 705 3359 itta
724 3300 773 3358 die
792 3301 945 3372 patratum.

75 3398 238 3458 serebantur
251 3401 351 3465 etiam,
366 3405 419 3460 sub
439 3401 606 3460 nominibus
626 3398 844 3460 Consularium,
859 3395 946 3455 fictae

76 3495 108 3555 iu
128 3498 266 3557 Seianum
288 3496 473 3571 sententiae3
504 3498 711 3558 exercentibus
730 3496 875 3571 plerisque
896 3510 949 3567 per

78 3599 235 3662 occultum,
263 3603 351 3672 atque
378 3616 414 3657 eo
444 3597 608 3672 procacius,
637 3596 790 3656 libidinem
816 3591 948 3669 ingenio·

77 3708 150 3751 rum.
166 3697 243 3754 uude
255 3696 302 3755 itti
321 3696 365 3754 ira
378 3696 549 3763 violentior,
561 3703 592 3756 et
605 3696 742 3762 materies
755 3688 952 3754 criminandi:
