2459 4267
74 373 144 422 nc.
159 365 198 423 ra.
281 349 353 420 ms.
380 373 418 421 ιι.
456 361 545 422 'cam
573 352 750 422 25.-2t.
905 354 953 424 85

73 528 132 584 ‘sic
163 528 284 585 Suevos
302 515 479 606 'Regemque
508 528 719 586 Maroboduum
745 545 819 602 pace
832 529 952 588 obstrie-

70 630 159 683 ‘tum
198 644 288 698 posse
323 609 371 682 et¹
387 627 562 693 Cheruscos,
595 633 765 701 ceterosque
799 628 952 686 rebellium

69 729 203 798 ‘ge-tes,
230 726 347 798 quando
371 725 522 782 Romanae
544 726 650 782 ultioni
674 728 841 783 consultum
864 730 952 795 esset,

69 821 214 879 ‘internis
237 823 391 879 discordiis
416 822 561 896 relinqui.'
602 825 747 881 Precante
771 824 952 882 Germanico

69 913 177 979 unsrun
207 920 374 978 efficiendis
400 922 523 994 coeptis,
554 922 649 979 acrius
682 924 855 979 modestiam
888 923 950 980 eius

67 1020 249 1093 adgreditur,
271 1022 394 1076 alterum
408 1022 591 1077 consulatum
614 1022 773 1087 offerendo,
791 1022 876 1079 'ouius
890 1039 951 1080 mu·

68 1119 117 1175 nia
131 1117 276 1192 pluesens
299 1120 404 1175 obiret.
425 1118 510 1175 simul
533 1121 720 1186 adnectebat,
742 1121 786 1177 ‘si
801 1121 874 1178 loret
899 1121 949 1178 ed·

67 1216 142 1273 ‘bue
169 1219 352 1281 bellandum,
374 1217 548 1292 relinqueret
574 1219 726 1276 materiem
741 1220 830 1276 Drusi
852 1219 948 1277 fratris

69 1316 211 1388 ‘gloriam
235 1317 295 1390 qui,
320 1318 482 1374 nullodum
507 1317 569 1373 ulio
590 1317 683 1382 boste,
710 1334 768 1374 nun
791 1319 847 1374 uisi
871 1317 948 1390 apud

65 1414 267 1471 ‘Germanias
281 1395 399 1488 adsequi
423 1433 529 1473 nomeu
553 1403 778 1487 imperatorium,
803 1424 833 1473 et
847 1419 949 1489 depor-

68 1516 148 1570 ‘tare
177 1517 311 1571 lauream
338 1512 455 1586 posset?
517 1516 603 1571 Haud
628 1522 780 1572 cunctatus
804 1523 854 1576 est,
873 1519 948 1575 ultra

70 1611 278 1677 Germanicus,
298 1630 470 1686 quamquam
483 1614 555 1685 fingi
568 1632 614 1679 ea,
629 1632 717 1688 seque
731 1632 782 1687 per
803 1614 946 1672 invidiam

70 1712 229 1784 perto'iam
243 1711 343 1767 decori
356 1712 485 1768 abstrahi
498 1712 685 1784 intelligeret.

106 1811 169 1867 Sub
194 1811 277 1866 idem
300 1815 413 1881 tempus
438 1828 455 1866 e
482 1810 593 1867 familis
622 1811 837 1877 Scriboniorum
865 1812 995 1875 Libout

70 1907 180 1966 Drusus
209 1908 345 1973 defertur,
373 1908 469 1964 moliri
496 1926 542 1965 res
570 1926 671 1967 novas.
733 1911 804 1967 Eius
832 1909 942 1984 negotii

68 2004 193 2072 initium,
207 2007 351 2072 ordinem,
370 2008 458 2063 linem
472 2009 599 2064 curatius
619 2009 778 2078 disseram
798 2010 865 2082 quia
880 2018 942 2066 tum

69 2106 190 2177 primum
206 2111 320 2177 reperta
344 2112 421 2170 sunt,
438 2123 515 2179 quae
538 2124 590 2178 per
611 2112 654 2163 tot
668 2124 760 2164 annos
786 2124 846 2163 rem
861 2108 940 2178 publ.

68 2205 204 2261 exedere.
245 2204 372 2261 Firmius
396 2205 496 2268 Catus,
515 2216 645 2269 senator,
669 2223 708 2261 ex
728 2205 833 2261 intima
853 2204 940 2261 Libo·

67 2302 111 2359 nis
124 2302 268 2368 amicitis,
282 2303 420 2360 iuvenem
446 2303 640 2376 improvidum
663 2310 692 2358 et
706 2301 824 2358 labilem
849 2300 942 2358 inani·

67 2400 127 2467 lars,
160 2403 200 2457 ad
229 2401 443 2458 Chaldaeorum
478 2402 626 2473 promissa,
662 2399 815 2474 Magorum
829 2409 940 2469 'sacrm

68 2501 244 2558 somniorum
257 2501 346 2557 etium
370 2500 544 2572 interpretes
565 2499 671 2572 inpulit
685 2487 699 2552 τ’
714 2500 784 2556 dum
803 2515 939 2575 manaem

68 2596 240 2675 Ponpeima,
273 2597 391 2654 mmmm
413 2595 595 2663 Scribonium,
623 2613 693 2673 quac
718 2596 858 2674 quondum
881 2598 946 2656 Art-e

64 2697 145 2771 gusti
169 2696 291 2755 conane
309 2696 423 2775 firmat,
449 2693 630 2753 consobrinos
656 2695 802 2763 Cessurae,
823 2696 938 2773 plenum

67 2792 242 2870 inrugiur‘bus
264 2794 374 2851 domm
400 2799 546 2851 ostentat:
572 2794 754 2870 horteturque
778 2797 813 2853 ad
837 2800 938 2855 luxum

67 2903 94 2949 et
108 2912 161 2950 aes
174 2895 313 2959 alienum,
327 2892 425 2950 socius
442 2893 595 2949 libidinum
608 2899 639 2949 et
652 2896 866 2964 necessitatum,
880 2913 938 2969 quo

68 2992 195 3064 pluribus
209 2992 327 3050 indiciis
347 2993 490 3066 inligaret.
534 2991 577 3047 Vt
596 2992 806 3060 sustinentium,
827 2998 865 3056 et,
887 2992 988 3065 qui28
1058 2997 1062 3002 ’
1082 3065 1085 3068 ¹

67 3092 144 3147 servi
168 3071 273 3148 eudoni
300 3096 464 3156 noscerent,
488 3089 603 3163 reperit,
623 3090 732 3148 aditum
759 3093 797 3147 ad
826 3089 937 3147 Princi-

68 3206 133 3260 pem
147 3176 494 3261 postulabdemoustrato
507 3188 631 3245 crimine
645 3196 677 3244 et
691 3206 749 3254 reo,
774 3204 825 3259 per
850 3187 937 3242 Flac·

66 3302 131 3344 cum
155 3286 371 3352 Vescularium,
397 3287 524 3361 equitem
552 3287 726 3348 Romanum,
750 3284 799 3340 cui
821 3282 936 3356 propior
1022 3335 1062 3362 ..·.
1103 3279 1114 3302 '¹

29 3449 41 3476 ι
68 3401 133 3441 cum
147 3386 272 3443 Tiberio
296 3403 363 3443 usus
386 3389 458 3442 ereb
490 3379 609 3442 'Caesar
631 3381 771 3439 indicium
797 3381 872 3437 baud
886 3380 935 3438 ad·
1018 3359 1024 3372 '

67 3491 228 3555 spernatus.
249 3500 419 3553 congressus
433 3482 534 3543 abnuit
546 3503 552 3538 :
562 3496 646 3558 posse
658 3478 740 3547 mira,
754 3475 846 3535 ecdem
855 3476 935 3534 Flac·

66 3584 111 3637 ea·
128 3580 310 3651 manando,
341 3599 480 3676 sansana
511 3595 674 3639 ammaum.
733 3578 834 3654 Atque
860 3576 934 3641 iuis·

105 3696 178 3737 von.
199 3698 222 3737 1.
466 3679 472 3690 '
536 3683 553 3734 8
