2459 4267
311 365 386 435 272
646 379 831 430 aunssrvsa
1036 382 1066 430 a
1080 380 1114 429 v.
1131 385 1189 431 rso.
1220 368 1221 395 l

311 539 382 599 urbe
405 542 504 597 tumen
530 536 563 596 in
589 537 693 596 decem
719 552 812 594 sanos
838 532 984 610 prohibita
1011 542 1066 602 est,
1085 536 1184 593 donee

260 633 302 696 5⁰
313 640 407 698 miuus
426 636 502 697 filius
528 635 671 695 lubricum
696 635 835 693 iuventae
856 635 960 692 exiret.
1003 636 1067 692 lam
1093 636 1184 692 Tibe

311 738 385 798 rium
398 755 511 812 eorpus,
530 736 589 794 iam
609 737 696 804 vires,
716 736 843 794 noudum
862 732 1057 791 dissimulatio
1070 735 1182 791 desere

312 839 371 898 nst.
392 838 471 895 idem
493 834 582 893 animi
606 835 699 908 rigor:
723 850 856 892 sermone
878 849 916 891 aa
937 835 1021 890 uultu
1044 833 1181 898 intentus,

313 935 444 1013 quaesitu
462 934 606 992 interdum
622 932 762 991 comitate
782 932 915 1008 quamvis
935 933 1121 990 manifestam
1134 932 1180 988 de-

311 1034 467 1093 lectionem
481 1034 617 1106 tegebat:
637 1030 811 1107 mutatisque
830 1032 945 1105 saepius
965 1033 1051 1100 loeis,
1064 1033 1179 1089 tandem

311 1136 387 1206 apud
401 1131 628 1205 promontorium
648 1130 756 1190 Miseni
776 1130 919 1198 ooasedlt,
938 1130 1176 1201 invills,eui1s

311 1232 452 1292 Lucullus
465 1231 614 1306 quondam
627 1230 770 1289 dominus.
784 1230 857 1299 illis,
870 1247 937 1288 sum
950 1230 1178 1307 adpropinquare

312 1331 464 1404 supremis,
478 1330 530 1388 tali
544 1330 631 1388 modo
648 1334 835 1402 compertum.
876 1329 948 1387 Erat
962 1331 1105 1397 medieas,
1119 1333 1177 1386 arte

313 1430 446 1505 insignis,
466 1430 584 1489 nomiae
598 1429 759 1497 Charicles,
778 1446 838 1487 non
856 1428 973 1505 quidem
986 1446 1088 1504 regere
1103 1430 1180 1489 vals·

312 1529 428 1588 tudines
443 1528 588 1603 Principis
607 1529 717 1598 solitus,
730 1526 846 1587 consilli
860 1532 957 1586 nmen
971 1528 1087 1601 copiam
1102 1544 1180 1603 prae·
1220 1526 1221 1529 ’

312 1629 390 1686 bere.
431 1629 471 1693 Is,
485 1630 568 1686 velut
581 1627 696 1702 propria
709 1629 745 1686 ad
766 1626 884 1702 negotia
897 1627 1116 1703 digredientem
1129 1642 1180 1700 per

313 1725 442 1801 speeiem
455 1724 554 1793 officii,
575 1743 692 1785 msaum
712 1729 893 1802 complexus,
914 1729 1027 1801 pulsum
1041 1740 1176 1784 venerum

313 1825 437 1901 adtigl13
465 1843 559 1900 neque
581 1825 783 1884 solonitanum
809 1825 956 1894 Tiberius,
978 1826 1120 1884 incertum
1138 1840 1174 1880 an

314 1926 449 1992 offensas,
472 1930 609 2000 tantoque
630 1925 722 2000 magis
741 1925 814 1984 iram
838 1942 982 1999 premens,
1008 1922 1176 1984 ‘instaurari

314 2022 447 2098 ‘epulas’
473 2024 562 2091 iubet,
588 2024 799 2100 discumbitque
826 2026 901 2083 ultra
927 2025 1065 2095 solitum3
1099 2019 1176 2100 qussi

315 2123 419 2182 honori
438 2124 572 2182 abeuntis
599 2123 687 2182 amiel
711 2124 858 2182 tribueret.
899 2125 1052 2184 Charicles
1074 2130 1177 2188 tamea,

315 2225 393 2282 ‘labi
414 2224 555 2298 spirltum,
582 2241 639 2281 nee
666 2226 741 2281 ultra
767 2223 885 2282 biduum
909 2222 1095 2289 duraturum?
1118 2222 1176 2281 lla·

314 2323 397 2382 oroal
423 2321 560 2381 firmauit
587 2323 656 2380 inde
682 2329 789 2380 euneta
813 2322 975 2398 conloquiis
997 2321 1076 2379 inter
1103 2336 1177 2395 prae

314 2426 421 2490 sentes,
436 2421 545 2479 nuntiis
564 2423 641 2495 apud
660 2420 789 2497 Legatos
802 2427 833 2480 et
845 2424 992 2481 exereitus
1005 2422 1176 2480 festinabas·

314 2525 368 2577 tur.
409 2520 514 2578 XVll.
529 2520 595 2579 Kal.
614 2519 734 2594 Aprilis,
754 2521 911 2579 interelusa
931 2520 1039 2589 enims,
1053 2521 1177 2578 ereditas

313 2622 359 2675 est
385 2619 590 2676 mortalitatem
617 2619 793 2693 explevisse.
833 2620 872 2678 Et
899 2620 991 2678 multo
1016 2626 1174 2694 gratam

313 2730 464 2781 coneorsa,
484 2716 521 2773 sd
541 2716 687 2788 espiende
707 2719 823 2792 imperii
844 2718 997 2794 primordia
1019 2719 1055 2776 C.
1070 2718 1174 2777 caeru

313 2812 531 2888 egradlebstur:
551 2829 619 2871 eum
634 2823 754 2889 repenle
768 2818 900 2886 adfertur,
927 2818 1041 2876 ‘redire
1055 2816 1174 2876 Tiberio
1217 2878 1218 2895 χ

314 2917 435 2969 ‘vocem
450 2929 486 2968 aa
498 2911 586 2980 visus,
597 2915 764 2988 venarique,
773 2914 822 2991 qui
835 2918 1010 2974 metuendae
1021 2910 1173 2974 delretioui
1217 2910 1218 2957 Τ

258 3026 262 3031 ’
315 3010 618 3071 ‘'eibum‘sdlerreat?
640 3032 730 3088 psvor
751 3014 821 3073 lrino
844 3015 875 3074 in
898 3033 1019 3072 omnes:
1039 3022 1069 3071 et
1089 3008 1173 3071 oeten
1217 3006 1218 3075 l

315 3112 423 3187 passim
445 3112 580 3187 dispergi,
603 3132 637 3171 se
662 3115 782 3189 quisque
810 3120 950 3172 maestum
976 3120 1027 3171 aut
1050 3113 1172 3170 nesciam
1217 3132 1218 3179 f

315 3211 443 3285 lingeret
459 3246 461 3251 ·
478 3212 597 3279 Caesar,
620 3212 651 3270 in
674 3212 821 3271 silentium
846 3214 929 3280 fixus,
952 3229 969 3268 a
993 3229 1104 3269 summa
1126 3222 1171 3283 spe
1217 3186 1218 3207 Χ

316 3311 475 3367 novissima
488 3314 696 3385 exspectabat:
725 3310 828 3368 Mauro
840 3310 1010 3384 intrepidus,
1038 3303 1172 3383 ‘opprimi
1216 3336 1217 3355 2

316 3413 435 3465 ‘senem
450 3409 559 3466 iniectu
574 3412 681 3467 multae
696 3409 805 3476 vestis‚’
825 3410 914 3476 iniret,
941 3408 1127 3483 ‘discedique
1139 3405 1171 3461 ab

317 3504 455 3563 ‘limine’
482 3507 534 3565 Sie
544 3509 682 3566 Tiberius
693 3508 797 3576 linivit,
808 3516 917 3567 oetavo
927 3514 957 3562 et
967 3505 1171 3580 septuagesimo

262 3593 533 3683 diastematum.
587 3607 677 3668 Pater
701 3607 731 3668 ei
757 3608 847 3677 Nero,
873 3613 904 3665 et
927 3606 1071 3682 utrimque
1097 3603 1170 3677 orlgv
1214 3584 1216 3681 i
