2459 4267
300 301 372 373 176
573 350 575 354 -
608 323 794 377 sunsunu
858 312 866 331 ·
1018 324 1150 389 s.v-.rrr

295 476 428 553 potentia
440 493 527 552 sopra
547 477 728 539 mauroruri:
748 496 828 539 nuno
848 477 1001 555 originem,
1018 496 1117 548 mama
1128 483 1156 539 et

294 597 353 655 quo
371 580 500 637 iocinore
520 579 752 639 dominationem
771 586 882 653 mptum
902 580 977 650 ierit,
996 580 1157 661 'expediam
1212 634 1213 661 ἶ

298 679 426 737 Genitos
444 678 599 749 Vulsiniis,
624 685 705 754 patre
727 678 799 737 Seio
820 680 974 747 Strabone,
991 678 1094 753 Equite
1107 678 1158 734 Ro·
1212 666 1213 695 ³

296 792 392 848 mano,
414 783 446 836 et
469 778 560 851 prims
588 778 710 836 iuventa
732 778 768 836 (3.
793 779 960 848 Gaesarem,
986 779 1025 835 D.
1043 774 1157 850 Augusti

297 884 444 950 nepotem,
467 884 603 946 sectatus,
629 895 688 936 non
713 878 778 936 siue
803 895 923 948 rumore,
942 865 1057 952 Apicio,
1076 873 1155 932 diviti
1212 894 1213 957 ζ

297 980 328 1032 et
352 976 479 1050 prodigo,
503 982 631 1049 stuprum
656 994 735 1071 veno
761 976 876 1035 dedisse
885 998 899 1039 :¹
920 994 993 1034 mox
1016 976 1157 1034 Tiberium
1212 966 1213 1053 J

297 1073 386 1131 variis
405 1075 513 1132 artibus
527 1076 666 1133 devinxit
686 1076 770 1141 adeo,
790 1081 822 1133 ut
842 1070 996 1132 obscurum
1018 1075 1157 1131 adversum
1212 1070 1213 1095 ¹

296 1172 379 1237 alios,
401 1172 458 1229 sibi
476 1174 527 1231 uni
552 1173 703 1233 incautum
727 1173 926 1247 intectumque
941 1174 1087 1231 efficeret:
1107 1187 1159 1229 nou

298 1273 358 1329 um
385 1272 525 1340 sollertia,
557 1271 680 1349 (quippe
713 1272 817 1329 iisdem
851 1272 964 1329 artibus
991 1273 1084 1329 victus
1108 1262 1160 1346 est)

297 1386 383 1445 quarn
400 1370 496 1429 Deum
515 1370 559 1429 ira
578 1372 609 1449 iu
630 1389 691 1429 reru
710 1373 882 1435 Romanam,
895 1370 981 1429 euius
1003 1370 1062 1444 puri
1075 1368 1157 1427 exitio

297 1468 393 1541 viguit
405 1469 580 1544 ceciditque.
622 1471 735 1543 corpus
748 1470 793 1528 illi
812 1472 942 1526 laborum
959 1472 1092 1535 tolerans,
1105 1464 1158 1522 aui·
1212 1454 1213 1501 l

297 1583 361 1626 urus
374 1567 485 1624 audax:
513 1569 559 1626 sui
571 1569 722 1643 obtegens,
737 1570 767 1626 in
782 1568 854 1626 alios
868 1570 1058 1627 criminator:
1085 1567 1159 1657 insta

298 1666 428 1724 adulatio
441 1672 472 1724 et
491 1666 641 1740 superbia:
671 1670 766 1741 palam
780 1668 958 1741 compositus
983 1669 1078 1744 pudor,
1090 1664 1160 1720 inlus

298 1782 410 1824 summa
424 1758 574 1838 apiscendi
589 1766 690 1835 libido,
703 1767 822 1842 eiusque
837 1784 940 1824 caussa
957 1769 1046 1824 modo
1058 1760 1162 1835 largitio

299 1871 332 1923 et
345 1867 439 1933 luxus,
457 1865 572 1940 saepius
592 1865 734 1927 industria
753 1883 788 1927 aa
804 1865 969 1941 vigilantia,
987 1865 1059 1923 baud
1074 1863 1158 1920 minus

267 1960 417 2032 2noxiae,
450 1965 584 2039 quotiens
618 1964 746 2039 parando
780 1983 869 2040 regno
901 1966 1057 2039 linguntur·
1096 1959 1159 2015 Vim

300 2063 512 2133 Praefectum,
531 2063 677 2123 modicam
695 2069 796 2141 antea,
810 2065 947 2130 intendit,
960 2064 1158 2139 dispensanter

298 2166 399 2220 urbem
413 2165 547 2221 cobortes
566 2181 625 2220 uua
644 2163 675 2219 in
692 2171 787 2218 castra
800 2163 1014 2231 conducendo;
1041 2167 1071 2217 ut
1084 2152 1159 2214 simul

300 2259 422 2333 imperia
450 2262 628 2336 acciperent,
655 2278 830 2334 numeroque
857 2267 888 2317 et
915 2262 1019 2317 robore
1047 2265 1077 2315 et
1103 2254 1159 2311 visu

299 2357 378 2417 inter
396 2377 428 2415 se
451 2360 557 2417 fiducia
581 2360 663 2431 ipsis,
684 2359 718 2414 in
738 2363 852 2415 ceteros
876 2341 977 2415 metus*
997 2358 1158 2415 crederetur.

300 2455 523 2526 Praetendebal,
550 2458 704 2515 ‘lrrsciviae
719 2458 844 2517 militena
861 2457 1030 2517 diductum:
1058 2456 1084 2512 si
1098 2446 1158 2525 quid

299 2558 444 2613 ‘subitum
461 2557 585 2628 ingruat,
606 2558 715 2614 maurae
738 2556 853 2615 auritio
870 2556 977 2628 paritor
999 2547 1154 2615 sulrvenidss

298 2655 346 2710 ‘et
360 2655 490 2710 severius
504 2663 626 2724 acturos,
646 2656 670 2712 si
691 2657 799 2713 vallum
821 2663 962 2713 statuatur
975 2645 1156 2728 prouulurbis

299 2749 491 2807 ‘inlecebris’
502 2753 559 2807 ‘V
564 2759 574 2808 t
590 2752 719 2824 perlecta
738 2754 806 2810 ¹sunt
820 2761 923 2822 castra,
945 2755 1076 2825 inrepere
1090 2744 1158 2820 paul·

298 2850 380 2907 latim
401 2850 540 2907 militares
562 2853 685 2918 animos,
705 2852 848 2921 adeundo,
868 2853 1061 2923 adpellando:
1080 2840 1156 2902 simul

299 2949 493 3008 Centuriones
513 2967 548 3006 ac
569 2950 719 3007 Tribunos
738 2951 800 3020 ipse
815 2951 952 3023 deligere.
969 2967 1060 3022 neque
1076 2946 1157 3001 Serra·
1212 2958 1213 2983 l

299 3050 374 3107 torio
387 3049 495 3106 ambitu
515 3050 687 3117 abstinebat,
712 3050 836 3105 clientes
858 3065 925 3104 suos
945 3047 1098 3104 honoribus
1115 3038 1158 3094 aut
1212 3038 1213 3067 ³

298 3148 459 3223 provinciis
472 3141 603 3213 ornandi,
622 3147 702 3203 lucili
723 3146 845 3203 Tiberio
859 3151 944 3220 atque
959 3146 999 3201 ita
1023 3157 1117 3217 rumbo,
1131 3136 1158 3190 ¹¹²
1212 3200 1213 3205 ,

298 3249 403 3304 sociam
422 3242 557 3309 laborum,
576 3264 635 3304 non
657 3245 742 3302 modo
763 3245 793 3300 in
815 3244 1005 3308 sermonibus,
1025 3242 1075 3298 sed
1088 3230 1156 3309 apud
1212 3308 1213 3315 ἵ

299 3344 401 3405 Patres
425 3350 455 3401 et
484 3331 625 3417 Populum
652 3345 822 3410 celebraret,
849 3343 963 3415 colique
985 3359 1034 3414 per
1054 3339 1157 3394 theatra
1212 3326 1213 3379 i

299 3450 330 3500 et
355 3444 416 3499 lora
441 3443 551 3517 effigies
577 3442 649 3509 eius,
682 3440 826 3533 interque!
842 3440 987 3515 [reincipiat
1020 3440 1156 3512 legionum

328 3608 512 3674 Quofacinerel
532 3616 597 3665 Neue
605 3613 681 3674 Drusi,
692 3629 758 3677 quem
768 3628 855 3663 veneno
861 3613 960 3663 sustulit.
992 3610 1051 3668 dipl.
1068 3651 1072 3657 ,
1110 3594 1141 3626 *'⁵
