2459 4267
60 353 95 402 n
112 351 148 400 c.
168 353 209 399 ss.
297 327 747 398 uts.'xu1.esr.7.—9.
883 334 959 401 bob

63 504 268 580 ‘insignibus
282 503 384 579 Regiis
399 502 538 562 mandat)
577 505 761 581 Exortusqus
774 504 807 562 in
825 510 956 579 tempore

64 608 215 663 samalus
231 605 390 677 Vologese,
400 603 476 661 filius
490 604 652 663 Vnnlsnss.
667 613 697 662 et
717 608 886 667 abssessero
902 609 956 664 Ar·

67 705 183 762 menia
198 702 627 777 Parthnnmqmmninensnt
644 707 761 767 bellum·
804 706 865 765 Sed
879 705 987 778 apudb
1105 789 1108 793 A

69 803 229 860 Senatum
247 802 346 860 omnis
365 802 398 860 in
422 802 513 860 maim
535 806 685 863 oslebratn
711 813 779 864 suot
799 807 957 867 sententiis

70 918 195 967 eonem,
208 901 259 974 qui
277 901 535 973 ‘supplicationem
549 909 579 959 et
593 901 696 962 tliebuss
709 905 957 977 supplicationum

71 1005 223 1058 ‘vestem
242 999 614 1073 Principitriumpbslem,
635 1009 723 1077 utque
742 1021 837 1065 ovans
857 1008 970 1067 urbem

73 1098 204 1166 ‘iniret
224 1098 391 1174 effigiesque
410 1098 485 1166 eim,
504 1100 567 1172 pari
587 1101 788 1174 magnitudine
802 1121 838 1161 an
853 1104 958 1163 Martis

74 1197 227 1265 ‘Vltorin
236 1199 340 1282 eonem
354 1199 385 1257 in
400 1197 527 1272 tempto:
540 1216 700 1257 osnsusrs:
722 1208 959 1273 praetereuntem

15 1348 22 1361 .
76 1299 284 1356 adulationem
309 1299 389 1366 loeti,
409 1299 486 1373 quod
510 1298 673 1356 Domitium
696 1300 895 1358 Corbulonem
915 1318 959 1359 re·

79 1398 230 1457 (insudas
245 1398 404 1457 Armeniae
423 1404 638 1472 praeposuerat.
655 1397 863 1473 videbaturque
877 1401 961 1459 loeus

79 1497 246 1556 virtutibus
264 1497 434 1571 putelantss.
477 1496 590 1569 Copiae
611 1497 741 1556 Orientis
761 1498 805 1555 ita
822 1498 959 1559 dividun-

80 1599 142 1662 tnr,
156 1602 190 1654 ut
208 1615 272 1670 pars
285 1596 481 1663 auxiliarium,
491 1613 558 1655 oum
571 1598 683 1655 duabus
698 1598 869 1670 legionibus,
882 1599 960 1672 sputi

82 1696 272 1769 provinciam
301 1695 428 1768 Syriam,
455 1701 486 1753 et
516 1697 661 1768 Legatum
688 1697 751 1754 eius
778 1699 960 1768 Quadratum

82 1793 280 1864 meidium,
301 1801 482 1863 remanerem
504 1812 555 1868 pse
569 1793 682 1851 nivium
695 1794 894 1868 sociorumque
909 1813 968 1854 nu·

84 1911 186 1951 merus
209 1893 369 1952 cosbuoni
390 1900 480 1960 esset,
505 1892 613 1950 additis
640 1892 807 1951 cohortibus
826 1893 958 1966 aliisque,

85 2009 164 2065 quae
187 1993 266 2065 sputi
290 1993 509 2065 cappadociam
536 1992 723 2050 hiemabant:
754 1991 827 2050 sosii
852 1992 963 2064 Reges,

85 2097 172 2163 prout
199 2093 277 2148 bello
303 2072 490 2159 conduceret,
517 2109 618 2163 parere
645 2091 725 2149 iussi.
776 2090 836 2149 Sat
863 2089 960 2148 eludis

87 2207 190 2247 sorum
216 2189 248 2247 in
276 2190 473 2248 Corbulonem
506 2190 682 2264 promptiora
707 2201 811 2249 erant:
845 2190 903 2264 qui,
927 2195 959 2248 ut

87 2288 185 2345 inmas
205 2272 370 2355 inserviret,
389 2307 463 2362 quae
483 2289 514 2347 in
539 2289 624 2347 novis
644 2290 757 2362 coeptis
779 2288 959 2347 validissima

85 2396 144 2454 est,
159 2386 264 2445 itinere
279 2405 401 2461 propere
414 2389 561 2455 noniento,
572 2389 649 2461 apud
665 2390 791 2461 Aegeas,
805 2387 960 2447 civitatem

91 2485 229 2553 ciliniae,
249 2486 371 2545 obviem
399 2488 579 2558 Quadratum
605 2487 716 2552 babuit,
739 2487 810 2545 illuc
831 2504 960 2561 progres-

90 2599 163 2654 sum,
177 2597 225 2653 ne,
244 2586 271 2642 si
283 2587 321 2643 sd
335 2586 523 2659 accipiendas
537 2586 638 2659 coplas
658 2585 775 2659 Syriam
788 2586 960 2646 intravisset

91 2684 229 2751 cornuto,
242 2684 372 2742 omnium
385 2702 436 2742 ora
456 2685 487 2742 iu
508 2702 539 2742 se
561 2691 698 2752 verteret,
710 2702 831 2759 corpore
844 2686 960 2760 ingens,

91 2784 189 2843 verbis
203 2784 383 2858 magnificus,
397 2790 436 2852 et,
449 2802 535 2858 super
548 2784 760 2858 experientiam
774 2785 960 2863 sapientiam.

91 2901 155 2959 que,
174 2882 264 2941 etiam
285 2884 383 2955 speeie
407 2883 538 2945 inanium
560 2885 684 2941 validus.
725 2885 864 2943 Ceterum
884 2887 992 2942 uter-9

91 2999 146 3056 que
168 2982 338 3055 Vologesen
367 2982 478 3056 Regem
505 2982 615 3039 nuntiis
638 2982 805 3047 monebant,
820 2987 959 3052 “paoem

91 3086 196 3156 ‘qnam
223 3082 332 3141 bellum
360 3083 469 3148 mallet,
499 3080 633 3154 datisque
659 3077 816 3145 obsidibus,
843 3075 959 3133 solitam

91 3179 252 3252 ‘prioribus
266 3180 462 3236 reverentiam
481 3178 512 3236 in
533 3178 675 3252 Populum
692 3177 854 3233 Romanum
868 3174 959 3230 couti·

91 3275 214 3335 nunret.’
255 3278 294 3334 El
321 3277 496 3351 Vologeses,
523 3295 580 3351 quo
606 3277 714 3334 bellum
741 3293 780 3332 ex
806 3275 962 3333 commodo

92 3381 215 3448 pararet,
238 3393 287 3442 on,
308 3381 340 3434 ut
366 3376 570 3435 aemulationis
593 3379 753 3448 suspectos,
778 3391 829 3447 per
853 3388 959 3432 nomeu

92 3475 234 3539 obsidum,
261 3481 422 3541 amoveret,
448 3475 536 3531 tradit
562 3473 757 3532 nobilissimos
784 3490 822 3529 ex
850 3470 961 3528 inmitis

94 3572 311 3631 Arsacidarum.
354 3572 537 3649 Accepitque
549 3591 599 3632 eos
614 3571 756 3633 Centurio
769 3569 909 3641 Histeius,
922 3571 962 3631 ab
1075 3650 1077 3657 Ι
