2459 4267
1160 26 1229 287 t

321 366 396 436 310
653 381 841 430 anamma
1050 383 1124 432 av.
1141 384 1191 432 aaa,

256 542 261 553 '
318 537 387 616 quis
407 538 524 597 Senrcr
546 535 622 594 fidus
644 534 676 593 in
700 533 900 610 Agrippinam,
922 534 1072 594 memoris
1089 534 1192 592 henefi-

319 637 369 707 cit
389 642 420 695 et
446 635 576 694 intensus
603 632 737 701 Claudio,
763 634 863 691 dotore
890 633 1031 701 iniuriae,
1059 633 1193 691 credeba-

289 719 375 794 9tnr.
416 733 561 792 Placitum
580 732 700 799 dehinc,
722 749 780 790 uon
800 734 875 789 uttra
896 731 1058 790 cunctari:
1080 732 1131 788 sed
1148 731 1194 787 de·

319 832 464 908 signatum
491 831 660 898 Consulem,
689 829 860 888 Memmium
887 830 1072 897 Pollionem,
1098 822 1192 903 iugen-

319 926 396 989 tihur
410 929 556 1004 promissis
568 929 721 995 inducunt,
741 929 917 987 sententiam
941 946 1121 1003 expromere
1141 942 1193 1001 qua

318 1033 446 1086 oraretur
479 1025 630 1094 Claudius,
670 1023 834 1103 despondere
873 1026 1029 1085 Octauium
1064 1022 1190 1084 Duratio.

317 1126 393 1201 quod
407 1124 497 1182 aetati
518 1124 666 1200 utriusque
689 1144 750 1184 non
773 1127 935 1196 absurdum,
956 1132 990 1184 et
1013 1126 1128 1184 maiora
1148 1139 1191 1195 pa·

316 1223 488 1282 trtacturum
511 1229 583 1281 erat.
626 1223 722 1282 Pottio
746 1225 824 1281 haud
845 1223 1012 1296 disparibus
1028 1223 1138 1288 verbis,
1157 1237 1190 1278 ac

318 1341 411 1397 nuper
437 1322 589 1391 Vitellius,
605 1328 733 1380 censet:
770 1323 1027 1397 despondeturque
1057 1317 1188 1385 Octavia,

319 1439 366 1488 ac,
380 1439 466 1495 super
483 1421 608 1495 priorem
617 1419 873 1486 amaritudinem,
895 1439 1022 1494 sponsus
1034 1420 1095 1477 iam
1109 1424 1189 1491 etge·

316 1536 371 1578 ner
386 1518 543 1586 Domitios,
555 1519 673 1594 aequari
687 1518 869 1585 Britannico,
880 1518 985 1577 studiis
1002 1518 1112 1586 matris,
1126 1519 1184 1572 arte

316 1632 425 1684 eorum,
451 1615 525 1690 quis,
551 1618 589 1674 oh
615 1623 785 1675 accusatam
812 1617 1030 1687 Messattinam,
1053 1616 1127 1675 ultio
1151 1630 1187 1670 ex
1228 1654 1229 1689 a

317 1714 378 1772 utto
389 1714 552 1771 timebatur.
1228 1696 1229 1699 ¹

267 1808 307 1868 lt)
358 1812 416 1871 Per
428 1812 506 1870 idem
520 1817 634 1886 tempus
643 1812 734 1888 legati
748 1812 919 1872 Parthorum
930 1816 967 1872 ad
978 1810 1184 1888 expetendum,

317 1914 351 1969 ut
370 1910 465 1978 retuti,
485 1909 678 1969 Meherdaten
699 1911 789 1980 missi,
817 1913 959 1970 Senatum
977 1911 1183 1989 ingrediuntur,
1227 1974 1229 1983 A

318 2012 510 2085 mandataque
538 2008 569 2067 in
596 2011 674 2068 hunc
702 2012 819 2068 modum
845 2011 1011 2084 incipiunt:
1045 2011 1133 2068 ‘Non
1153 2020 1182 2061 se
1229 2055 1230 2074 ,

319 2108 461 2168 ‘cosdem
479 2108 603 2184 ignaros,
626 2125 683 2166 nec
706 2109 873 2166 deiectione
898 2126 917 2167 a
939 2110 1054 2169 iamitia
1074 2100 1182 2166 Aeaci·

319 2209 438 2268 ‘darum
452 2206 571 2277 venire3
598 2207 649 2263 sed
669 2206 760 2263 titium
773 2206 920 2272 Venonis,
940 2215 1081 2281 nepotem
1101 2203 1181 2260 Phra·

318 2305 422 2374 ‘hetia
449 2306 590 2365 accedere
617 2305 755 2361 adversus
782 2305 1014 2363 dominationem
1042 2298 1177 2364 (totana,
1226 2301 1228 2363 i

318 2403 485 2463 ‘nobilitati
496 2402 630 2476 plebique
641 2403 723 2460 iuxta
736 2386 957 2462 intolerandam.
999 2405 1066 2462 lam
1077 2403 1177 2462 fratres

319 2501 397 2560 ‘iam
412 2503 594 2578 propinquos,
604 2503 663 2558 iam
683 2501 796 2575 longius
817 2501 898 2569 sitos,
910 2502 1052 2560 caedibus
1065 2499 1177 2558 exhaur-

317 2604 401 2656 ‘tosa
426 2600 516 2658 adiici
530 2599 670 2674 coniuges
689 2599 835 2673 gravidas,
853 2600 959 2658 liberos
982 2617 1095 2674 parvos,
1114 2596 1174 2651 dum

316 2702 436 2753 ‘socors
463 2698 553 2762 domi,
583 2697 667 2754 bettis
701 2698 850 2764 infaustus,
883 2699 1034 2771 ignaviam
1062 2689 1175 2756 saevitia

316 2797 424 2865 ‘tegat
466 2794 607 2850 Veterem
621 2795 678 2851 sibi
698 2813 734 2852 ac
754 2796 869 2868 publice
883 2803 1018 2870 coeptam
1034 2796 1171 2856 nobiscum

316 2890 509 2949 ‘amicitiam
530 2898 560 2948 et
573 2895 807 2952 subveniendum
822 2897 917 2963 sociis,
934 2897 1041 2955 virium
1054 2890 1173 2955 aemutits

315 2990 559 3066 ‘cedentibusque
586 3010 639 3065 per
658 2995 862 3051 reverentiam.
905 2996 978 3053 Ideo
1002 2999 1111 3072 Regum
1129 2992 1171 3047 uh
1224 3034 1225 3049 2

316 3091 413 3147 ‘sides
434 3091 538 3148 liberos
558 3092 631 3158 dari,
651 3097 691 3159 ut,
712 3092 737 3148 si
751 3094 905 3178 domestici
925 3095 1041 3168 imperii
1060 3091 1173 3154 taedeat,

316 3189 363 3246 ‘si
377 3206 519 3263 regressus
534 3191 570 3247 ad
593 3191 758 3264 Principem
781 3192 948 3267 Patresque,
968 3213 1086 3268 utrorum
1099 3185 1170 3248 mori·

266 3291 302 3349 11
317 3294 325 3322 ‘
340 3290 391 3345 bus
418 3289 600 3346 adsuefactus
629 3290 694 3346 Rex
722 3291 825 3347 metior
851 3292 1081 3350 adscisceretur.’
1117 3282 1171 3342 Vbi

316 3390 389 3446 haec
404 3393 489 3461 atque
503 3387 573 3445 tatia
592 3389 794 3456 dissertnvem,
815 3389 919 3462 incipit
932 3390 1093 3449 orationem
1106 3388 1167 3444 Cae·

315 3503 362 3542 sar
380 3488 435 3542 ‘de
455 3485 571 3560 fastigio
595 3488 737 3567 Romano,
762 3488 989 3562 Parthorumque
1010 3474 1168 3563 obsequiis?

315 3599 403 3658 seque
424 3586 463 3643 D.
479 3589 614 3663 Augusto
636 3590 825 3665 adaequabat,
840 3589 957 3666 petitam
977 3589 1015 3649 uh
1035 3589 1167 3663 eoRagtti
