<?xml version="1.0" encoding="UTF-8"?>
<!DOCTYPE html PUBLIC "-//W3C//DTD XHTML 1.0 Transitional//EN"
    "http://www.w3.org/TR/xhtml1/DTD/xhtml1-transitional.dtd">
<html xmlns="http://www.w3.org/1999/xhtml" xml:lang="en" lang="en">
 <head>
  <title>
</title>
<meta http-equiv="Content-Type" content="text/html;charset=utf-8" />
  <meta name='ocr-system' content='tesseract 3.04.00' />
  <meta name='ocr-capabilities' content='ocr_page ocr_carea ocr_par ocr_line ocrx_word'/>
</head>
<body>
  <div class='ocr_page' id='page_1' title='image "./ccorneliitaciti02unkngoog_0412.png"; bbox 0 0 2459 4267; ppageno 0'>
   <div class='ocr_carea' id='block_1_1' title="bbox 277 329 1151 398">
    <p class='ocr_par' dir='ltr' id='par_1_1' title="bbox 277 329 1151 398">
     <span class='ocr_line' id='line_1_1' title="bbox 277 329 1151 398; baseline -0.007 0"><span class='ocrx_word' id='word_1_1' title='bbox 277 329 350 398; x_wconf 75' lang='lat'><strong>372</strong></span> <span class='ocrx_word' id='word_1_2' title='bbox 601 342 788 393; x_wconf 72' lang='lat' dir='ltr'><strong>suasurus</strong></span> <span class='ocrx_word' id='word_1_3' title='bbox 1001 348 1033 393; x_wconf 86' lang='lat' dir='ltr'><strong>s.</strong></span> <span class='ocrx_word' id='word_1_4' title='bbox 1048 343 1082 395; x_wconf 84' lang='lat' dir='ltr'><strong>v.</strong></span> <span class='ocrx_word' id='word_1_5' title='bbox 1097 349 1151 395; x_wconf 84' lang='lat' dir='ltr'><strong>au.</strong></span> 
     </span>
    </p>
   </div>
   <div class='ocr_carea' id='block_1_2' title="bbox 274 497 1153 875">
    <p class='ocr_par' dir='ltr' id='par_1_2' title="bbox 274 497 1153 875">
     <span class='ocr_line' id='line_1_2' title="bbox 274 497 1153 572; baseline -0.007 -10"><span class='ocrx_word' id='word_1_6' title='bbox 274 502 438 568; x_wconf 81' lang='lat' dir='ltr'><strong>laudarum,</strong></span> <span class='ocrx_word' id='word_1_7' title='bbox 450 499 625 561; x_wconf 60' lang='lat' dir='ltr'><strong>Montibus</strong></span> <span class='ocrx_word' id='word_1_8' title='bbox 644 497 869 558; x_wconf 86' lang='lat' dir='ltr'><strong>accusatoribus.</strong></span> <span class='ocrx_word' id='word_1_9' title='bbox 911 499 1037 561; x_wconf 78' lang='lat' dir='ltr'><strong>clodius</strong></span> <span class='ocrx_word' id='word_1_10' title='bbox 1056 497 1153 572; x_wconf 73' lang='lat' dir='ltr'><strong>Quiri·</strong></span> 
     </span>
     <span class='ocr_line' id='line_1_3' title="bbox 276 598 1152 676; baseline -0.011 -13"><span class='ocrx_word' id='word_1_11' title='bbox 276 602 361 671; x_wconf 72' lang='lat' dir='ltr'><strong>nulls,</strong></span> <span class='ocrx_word' id='word_1_12' title='bbox 381 601 661 676; x_wconf 69' lang='lat' dir='ltr'><strong>‘quadriaetanus</strong></span> <span class='ocrx_word' id='word_1_13' title='bbox 679 601 828 674; x_wconf 77' lang='lat' dir='ltr'>remigum,</span> <span class='ocrx_word' id='word_1_14' title='bbox 848 598 897 671; x_wconf 90' lang='lat' dir='ltr'><strong>qui</strong></span> <span class='ocrx_word' id='word_1_15' title='bbox 920 600 1090 657; x_wconf 87' lang='lat' dir='ltr'><strong>Ravennae</strong></span> <span class='ocrx_word' id='word_1_16' title='bbox 1103 600 1152 654; x_wconf 81' lang='lat' dir='ltr'><strong>lra-</strong></span> 
     </span>
     <span class='ocr_line' id='line_1_4' title="bbox 276 696 1152 767; baseline -0.008 -7"><span class='ocrx_word' id='word_1_17' title='bbox 276 702 439 767; x_wconf 73' lang='lat' dir='ltr'><strong>‘berentun</strong></span> <span class='ocrx_word' id='word_1_18' title='bbox 453 702 535 758; x_wconf 82' lang='lat' dir='ltr'><strong>velut</strong></span> <span class='ocrx_word' id='word_1_19' title='bbox 559 700 689 757; x_wconf 85' lang='lat' dir='ltr'><strong>intimam</strong></span> <span class='ocrx_word' id='word_1_20' title='bbox 715 698 874 765; x_wconf 89' lang='lat' dir='ltr'><strong>nationum,</strong></span> <span class='ocrx_word' id='word_1_21' title='bbox 896 698 1017 754; x_wconf 82' lang='lat' dir='ltr'><strong>ltaliam</strong></span> <span class='ocrx_word' id='word_1_22' title='bbox 1039 696 1152 755; x_wconf 77' lang='lat' dir='ltr'><strong>luxuria</strong></span> 
     </span>
     <span class='ocr_line' id='line_1_5' title="bbox 276 795 1152 875; baseline -0.007 -17"><span class='ocrx_word' id='word_1_23' title='bbox 276 800 459 875; x_wconf 80' lang='lat' dir='ltr'><strong>saevitiaque</strong></span> <span class='ocrx_word' id='word_1_24' title='bbox 471 795 700 863; x_wconf 82' lang='lat' dir='ltr'><strong>cddictavisset,’</strong></span> <span class='ocrx_word' id='word_1_25' title='bbox 722 813 839 853; x_wconf 83' lang='lat' dir='ltr'><strong>veneno</strong></span> <span class='ocrx_word' id='word_1_26' title='bbox 857 797 1087 854; x_wconf 80' lang='lat' dir='ltr'><strong>damnationem</strong></span> <span class='ocrx_word' id='word_1_27' title='bbox 1106 813 1152 852; x_wconf 84' lang='lat' dir='ltr'><strong>an·</strong></span> 
     </span>
    </p>
   </div>
   <div class='ocr_carea' id='block_1_3' title="bbox 276 894 1208 979">
    <p class='ocr_par' dir='ltr' id='par_1_3' title="bbox 276 894 1208 979">
     <span class='ocr_line' id='line_1_6' title="bbox 276 894 1208 979; baseline -0.006 -21"><span class='ocrx_word' id='word_1_28' title='bbox 276 899 407 958; x_wconf 70' lang='lat' dir='ltr'><strong>manmit.</strong></span> <span class='ocrx_word' id='word_1_29' title='bbox 448 899 483 956; x_wconf 81' lang='lat' dir='ltr'><strong>G.</strong></span> <span class='ocrx_word' id='word_1_30' title='bbox 501 897 639 955; x_wconf 81' lang='lat' dir='ltr'><strong>Aminius</strong></span> <span class='ocrx_word' id='word_1_31' title='bbox 660 897 780 963; x_wconf 75' lang='lat' dir='ltr'><strong>aestus,</strong></span> <span class='ocrx_word' id='word_1_32' title='bbox 798 913 838 951; x_wconf 84' lang='lat' dir='ltr'><strong>ex</strong></span> <span class='ocrx_word' id='word_1_33' title='bbox 858 895 1034 968; x_wconf 83' lang='lat' dir='ltr'><strong>primoribus</strong></span> <span class='ocrx_word' id='word_1_34' title='bbox 1050 894 1152 969; x_wconf 87' lang='lat' dir='ltr'><strong>peritia</strong></span> <span class='ocrx_word' id='word_1_35' title='bbox 1207 962 1208 979; x_wconf 18' lang='grc' dir='ltr'>ἦ</span> 
     </span>
    </p>
   </div>
   <div class='ocr_carea' id='block_1_4' title="bbox 217 994 1208 3636">
    <p class='ocr_par' dir='ltr' id='par_1_4' title="bbox 217 994 1208 3636">
     <span class='ocr_line' id='line_1_7' title="bbox 275 994 1154 1072; baseline -0.007 -16"><span class='ocrx_word' id='word_1_36' title='bbox 275 1000 372 1072; x_wconf 85' lang='lat' dir='ltr'><strong>legum</strong></span> <span class='ocrx_word' id='word_1_37' title='bbox 389 1003 420 1054; x_wconf 87' lang='lat' dir='ltr'><strong>ot</strong></span> <span class='ocrx_word' id='word_1_38' title='bbox 439 995 582 1068; x_wconf 81' lang='lat' dir='ltr'><strong>pecuniae</strong></span> <span class='ocrx_word' id='word_1_39' title='bbox 604 995 816 1068; x_wconf 77' lang='lat' dir='ltr'><strong>magnitudine,</strong></span> <span class='ocrx_word' id='word_1_40' title='bbox 835 994 982 1051; x_wconf 80' lang='lat' dir='ltr'><strong>cmciatus</strong></span> <span class='ocrx_word' id='word_1_41' title='bbox 1005 1012 1100 1069; x_wconf 84' lang='lat' dir='ltr'><strong>aegre</strong></span> <span class='ocrx_word' id='word_1_42' title='bbox 1113 1010 1154 1050; x_wconf 72' lang='lat' dir='ltr'><strong>so</strong></span> 
     </span>
     <span class='ocr_line' id='line_1_8' title="bbox 273 1092 1153 1167; baseline -0.006 -13"><span class='ocrx_word' id='word_1_43' title='bbox 273 1101 388 1162; x_wconf 86' lang='lat' dir='ltr'><strong>noctae,</strong></span> <span class='ocrx_word' id='word_1_44' title='bbox 415 1096 504 1153; x_wconf 88' lang='lat' dir='ltr'><strong>misso</strong></span> <span class='ocrx_word' id='word_1_45' title='bbox 532 1112 583 1167; x_wconf 84' lang='lat' dir='ltr'><strong>per</strong></span> <span class='ocrx_word' id='word_1_46' title='bbox 612 1112 705 1151; x_wconf 84' lang='lat' dir='ltr'><strong>venas</strong></span> <span class='ocrx_word' id='word_1_47' title='bbox 732 1093 885 1167; x_wconf 85' lang='lat' dir='ltr'><strong>sanguine,</strong></span> <span class='ocrx_word' id='word_1_48' title='bbox 911 1093 1040 1165; x_wconf 79' lang='lat' dir='ltr'><strong>effugit:</strong></span> <span class='ocrx_word' id='word_1_49' title='bbox 1076 1092 1153 1150; x_wconf 86' lang='lat' dir='ltr'><strong>haud</strong></span> 
     </span>
     <span class='ocr_line' id='line_1_9' title="bbox 274 1192 1154 1258; baseline -0.002 -5"><span class='ocrx_word' id='word_1_50' title='bbox 274 1194 402 1254; x_wconf 86' lang='lat' dir='ltr'><strong>creditus</strong></span> <span class='ocrx_word' id='word_1_51' title='bbox 423 1194 556 1252; x_wconf 77' lang='lat' dir='ltr'><strong>sufficere</strong></span> <span class='ocrx_word' id='word_1_52' title='bbox 582 1195 621 1251; x_wconf 87' lang='lat' dir='ltr'><strong>sd</strong></span> <span class='ocrx_word' id='word_1_53' title='bbox 637 1192 833 1251; x_wconf 86' lang='lat' dir='ltr'><strong>constantiam</strong></span> <span class='ocrx_word' id='word_1_54' title='bbox 856 1194 1018 1250; x_wconf 87' lang='lat' dir='ltr'><strong>sumendae</strong></span> <span class='ocrx_word' id='word_1_55' title='bbox 1040 1192 1154 1258; x_wconf 85' lang='lat' dir='ltr'><strong>mortis,</strong></span> 
     </span>
     <span class='ocr_line' id='line_1_10' title="bbox 275 1278 1208 1353; baseline -0.005 0"><span class='ocrx_word' id='word_1_56' title='bbox 275 1296 314 1353; x_wconf 85' lang='lat' dir='ltr'><strong>ob</strong></span> <span class='ocrx_word' id='word_1_57' title='bbox 337 1293 476 1352; x_wconf 80' lang='lat' dir='ltr'><strong>libidines</strong></span> <span class='ocrx_word' id='word_1_58' title='bbox 503 1292 684 1351; x_wconf 72' lang='lat' dir='ltr'>muliebriter</span> <span class='ocrx_word' id='word_1_59' title='bbox 709 1291 833 1349; x_wconf 77' lang='lat' dir='ltr'><strong>infamis.</strong></span> <span class='ocrx_word' id='word_1_60' title='bbox 878 1293 920 1349; x_wconf 83' lang='lat' dir='ltr'><strong>At</strong></span> <span class='ocrx_word' id='word_1_61' title='bbox 947 1293 982 1349; x_wconf 82' lang='lat' dir='ltr'><strong>L.</strong></span> <span class='ocrx_word' id='word_1_62' title='bbox 1006 1291 1153 1350; x_wconf 76' lang='lat' dir='ltr'><strong>Volusius</strong></span> <span class='ocrx_word' id='word_1_63' title='bbox 1207 1278 1208 1287; x_wconf 38' lang='lat'>¹</span> 
     </span>
     <span class='ocr_line' id='line_1_11' title="bbox 275 1388 1153 1467; baseline -0.003 -18"><span class='ocrx_word' id='word_1_64' title='bbox 275 1393 394 1467; x_wconf 84' lang='lat' dir='ltr'><strong>egregia</strong></span> <span class='ocrx_word' id='word_1_65' title='bbox 406 1393 484 1450; x_wconf 87' lang='lat' dir='ltr'><strong>lama</strong></span> <span class='ocrx_word' id='word_1_66' title='bbox 496 1392 660 1449; x_wconf 81' lang='lat' dir='ltr'><strong>concessit:</strong></span> <span class='ocrx_word' id='word_1_67' title='bbox 689 1390 738 1448; x_wconf 91' lang='lat' dir='ltr'><strong>cui</strong></span> <span class='ocrx_word' id='word_1_68' title='bbox 758 1397 816 1447; x_wconf 85' lang='lat' dir='ltr'><strong>tres</strong></span> <span class='ocrx_word' id='word_1_69' title='bbox 837 1394 868 1446; x_wconf 87' lang='lat' dir='ltr'><strong>et</strong></span> <span class='ocrx_word' id='word_1_70' title='bbox 892 1391 1057 1463; x_wconf 70' lang='lat' dir='ltr'><strong>nonaginta</strong></span> <span class='ocrx_word' id='word_1_71' title='bbox 1079 1388 1153 1447; x_wconf 84' lang='lat' dir='ltr'><strong>anni</strong></span> 
     </span>
     <span class='ocr_line' id='line_1_12' title="bbox 273 1490 1151 1564; baseline 0 -16"><span class='ocrx_word' id='word_1_72' title='bbox 273 1493 398 1564; x_wconf 88' lang='lat' dir='ltr'><strong>spatium</strong></span> <span class='ocrx_word' id='word_1_73' title='bbox 418 1492 549 1556; x_wconf 80' lang='lat' dir='ltr'><strong>visendi,</strong></span> <span class='ocrx_word' id='word_1_74' title='bbox 574 1490 804 1564; x_wconf 66' lang='lat' dir='ltr'><strong>praecipuaeque</strong></span> <span class='ocrx_word' id='word_1_75' title='bbox 823 1508 894 1564; x_wconf 89' lang='lat' dir='ltr'><strong>opes</strong></span> <span class='ocrx_word' id='word_1_76' title='bbox 920 1491 1004 1548; x_wconf 90' lang='lat' dir='ltr'><strong>bonis</strong></span> <span class='ocrx_word' id='word_1_77' title='bbox 1027 1493 1151 1555; x_wconf 85' lang='lat' dir='ltr'><strong>artibus,</strong></span> 
     </span>
     <span class='ocr_line' id='line_1_13' title="bbox 222 1586 1151 1661; baseline 0.003 -18"><span class='ocrx_word' id='word_1_78' title='bbox 222 1586 258 1644; x_wconf 82' lang='lat' dir='ltr'><strong>3l</strong></span> <span class='ocrx_word' id='word_1_79' title='bbox 273 1590 415 1650; x_wconf 77' lang='lat' dir='ltr'><strong>inoffensa</strong></span> <span class='ocrx_word' id='word_1_80' title='bbox 448 1596 491 1647; x_wconf 94' lang='lat' dir='ltr'><strong>tot</strong></span> <span class='ocrx_word' id='word_1_81' title='bbox 524 1590 730 1661; x_wconf 79' lang='lat' dir='ltr'><strong>imperatorum</strong></span> <span class='ocrx_word' id='word_1_82' title='bbox 765 1589 877 1647; x_wconf 81' lang='lat' dir='ltr'><strong>malitia</strong></span> <span class='ocrx_word' id='word_1_83' title='bbox 908 1590 972 1647; x_wconf 86' lang='lat' dir='ltr'><strong>luit.</strong></span> <span class='ocrx_word' id='word_1_84' title='bbox 1025 1591 1151 1646; x_wconf 84' lang='lat' dir='ltr'><strong>Nerone</strong></span> 
     </span>
     <span class='ocr_line' id='line_1_14' title="bbox 272 1687 1151 1762; baseline -0.001 -15"><span class='ocrx_word' id='word_1_85' title='bbox 272 1689 443 1756; x_wconf 89' lang='lat' dir='ltr'><strong>secundum,</strong></span> <span class='ocrx_word' id='word_1_86' title='bbox 464 1689 500 1748; x_wconf 85' lang='lat' dir='ltr'><strong>L.</strong></span> <span class='ocrx_word' id='word_1_87' title='bbox 530 1688 641 1746; x_wconf 87' lang='lat' dir='ltr'><strong>Pisone</strong></span> <span class='ocrx_word' id='word_1_88' title='bbox 669 1688 856 1754; x_wconf 72' lang='lat' dir='ltr'><strong>Consulibus,</strong></span> <span class='ocrx_word' id='word_1_89' title='bbox 886 1706 980 1762; x_wconf 87' lang='lat' dir='ltr'><strong>pauca</strong></span> <span class='ocrx_word' id='word_1_90' title='bbox 1005 1687 1151 1746; x_wconf 80' lang='lat' dir='ltr'><strong>memoria</strong></span> 
     </span>
     <span class='ocr_line' id='line_1_15' title="bbox 273 1782 1146 1864; baseline -0.005 -15"><span class='ocrx_word' id='word_1_91' title='bbox 273 1782 362 1864; x_wconf 81' lang='lat' dir='ltr'><strong>digna</strong></span> <span class='ocrx_word' id='word_1_92' title='bbox 374 1806 518 1846; x_wconf 83' lang='lat' dir='ltr'><strong>evenere:</strong></span> <span class='ocrx_word' id='word_1_93' title='bbox 540 1790 597 1845; x_wconf 89' lang='lat' dir='ltr'><strong>nlai</strong></span> <span class='ocrx_word' id='word_1_94' title='bbox 608 1788 657 1846; x_wconf 90' lang='lat' dir='ltr'><strong>cui</strong></span> <span class='ocrx_word' id='word_1_95' title='bbox 672 1789 771 1856; x_wconf 85' lang='lat' dir='ltr'><strong>libeat,</strong></span> <span class='ocrx_word' id='word_1_96' title='bbox 782 1790 935 1847; x_wconf 77' lang='lat' dir='ltr'><strong>laudandis</strong></span> <span class='ocrx_word' id='word_1_97' title='bbox 949 1787 1146 1848; x_wconf 72' lang='lat' dir='ltr'><strong>fundamentis</strong></span> 
     </span>
     <span class='ocr_line' id='line_1_16' title="bbox 275 1887 1144 1963; baseline -0.002 -17"><span class='ocrx_word' id='word_1_98' title='bbox 275 1892 306 1947; x_wconf 89' lang='lat' dir='ltr'><strong>et</strong></span> <span class='ocrx_word' id='word_1_99' title='bbox 326 1888 463 1956; x_wconf 86' lang='lat' dir='ltr'><strong>trabibus,</strong></span> <span class='ocrx_word' id='word_1_100' title='bbox 476 1888 540 1963; x_wconf 89' lang='lat' dir='ltr'><strong>quis</strong></span> <span class='ocrx_word' id='word_1_101' title='bbox 559 1889 666 1944; x_wconf 86' lang='lat' dir='ltr'><strong>molem</strong></span> <span class='ocrx_word' id='word_1_102' title='bbox 685 1887 891 1961; x_wconf 78' lang='lat' dir='ltr'><strong>amphitheatri</strong></span> <span class='ocrx_word' id='word_1_103' title='bbox 908 1890 984 1961; x_wconf 79' lang='lat' dir='ltr'><strong>aprrd</strong></span> <span class='ocrx_word' id='word_1_104' title='bbox 999 1890 1144 1961; x_wconf 77' lang='lat' dir='ltr'><strong>Campam</strong></span> 
     </span>
     <span class='ocr_line' id='line_1_17' title="bbox 276 1986 1145 2060; baseline -0.003 -13"><span class='ocrx_word' id='word_1_105' title='bbox 276 1988 382 2047; x_wconf 82' lang='lat' dir='ltr'><strong>Martis</strong></span> <span class='ocrx_word' id='word_1_106' title='bbox 405 1989 514 2046; x_wconf 83' lang='lat' dir='ltr'><strong>Caesar</strong></span> <span class='ocrx_word' id='word_1_107' title='bbox 533 1993 727 2052; x_wconf 80' lang='lat' dir='ltr'><strong>exstruxerat,</strong></span> <span class='ocrx_word' id='word_1_108' title='bbox 747 1987 896 2045; x_wconf 88' lang='lat' dir='ltr'><strong>volumina</strong></span> <span class='ocrx_word' id='word_1_109' title='bbox 924 1986 1055 2060; x_wconf 83' lang='lat' dir='ltr'><strong>inplere:</strong></span> <span class='ocrx_word' id='word_1_110' title='bbox 1076 2001 1145 2045; x_wconf 83' lang='lat' dir='ltr'><strong>eum</strong></span> 
     </span>
     <span class='ocr_line' id='line_1_18' title="bbox 275 2085 1143 2160; baseline -0.007 -14"><span class='ocrx_word' id='word_1_111' title='bbox 275 2105 314 2146; x_wconf 82' lang='lat' dir='ltr'><strong>ex</strong></span> <span class='ocrx_word' id='word_1_112' title='bbox 328 2087 471 2160; x_wconf 85' lang='lat' dir='ltr'><strong>dignitate</strong></span> <span class='ocrx_word' id='word_1_113' title='bbox 490 2085 595 2159; x_wconf 82' lang='lat' dir='ltr'><strong>Populi</strong></span> <span class='ocrx_word' id='word_1_114' title='bbox 618 2085 744 2143; x_wconf 86' lang='lat' dir='ltr'><strong>Romani</strong></span> <span class='ocrx_word' id='word_1_115' title='bbox 768 2092 912 2159; x_wconf 86' lang='lat' dir='ltr'><strong>repertum</strong></span> <span class='ocrx_word' id='word_1_116' title='bbox 933 2087 971 2144; x_wconf 88' lang='lat' dir='ltr'><strong>sit</strong></span> <span class='ocrx_word' id='word_1_117' title='bbox 990 2104 1037 2143; x_wconf 81' lang='lat' dir='ltr'><strong>res</strong></span> <span class='ocrx_word' id='word_1_118' title='bbox 1056 2087 1143 2144; x_wconf 86' lang='lat' dir='ltr'><strong>iulus·</strong></span> 
     </span>
     <span class='ocr_line' id='line_1_19' title="bbox 276 2185 1143 2251; baseline -0.006 -7"><span class='ocrx_word' id='word_1_119' title='bbox 276 2194 333 2245; x_wconf 86' lang='lat' dir='ltr'><strong>tres</strong></span> <span class='ocrx_word' id='word_1_120' title='bbox 359 2185 522 2251; x_wconf 86' lang='lat' dir='ltr'><strong>annalibus,</strong></span> <span class='ocrx_word' id='word_1_121' title='bbox 549 2185 620 2242; x_wconf 85' lang='lat' dir='ltr'><strong>talia</strong></span> <span class='ocrx_word' id='word_1_122' title='bbox 646 2185 756 2241; x_wconf 88' lang='lat' dir='ltr'><strong>diurnis</strong></span> <span class='ocrx_word' id='word_1_123' title='bbox 787 2185 865 2242; x_wconf 84' lang='lat' dir='ltr'><strong>urbis</strong></span> <span class='ocrx_word' id='word_1_124' title='bbox 892 2186 966 2243; x_wconf 87' lang='lat' dir='ltr'><strong>actis</strong></span> <span class='ocrx_word' id='word_1_125' title='bbox 993 2189 1143 2244; x_wconf 80' lang='lat' dir='ltr'><strong>mandare.</strong></span> 
     </span>
     <span class='ocr_line' id='line_1_20' title="bbox 276 2282 1144 2357; baseline -0.003 -14"><span class='ocrx_word' id='word_1_126' title='bbox 276 2286 416 2344; x_wconf 75' lang='lat' dir='ltr'><strong>Ueterum</strong></span> <span class='ocrx_word' id='word_1_127' title='bbox 442 2283 586 2350; x_wconf 83' lang='lat' dir='ltr'><strong>coloniae,</strong></span> <span class='ocrx_word' id='word_1_128' title='bbox 617 2282 719 2356; x_wconf 76' lang='lat' dir='ltr'><strong>Capua</strong></span> <span class='ocrx_word' id='word_1_129' title='bbox 751 2288 838 2357; x_wconf 79' lang='lat' dir='ltr'><strong>atque</strong></span> <span class='ocrx_word' id='word_1_130' title='bbox 866 2285 1004 2354; x_wconf 88' lang='lat' dir='ltr'><strong>Nuceria,</strong></span> <span class='ocrx_word' id='word_1_131' title='bbox 1035 2284 1144 2343; x_wconf 89' lang='lat' dir='ltr'><strong>additis</strong></span> 
     </span>
     <span class='ocr_line' id='line_1_21' title="bbox 275 2382 1145 2459; baseline -0.001 -17"><span class='ocrx_word' id='word_1_132' title='bbox 275 2382 422 2442; x_wconf 87' lang='lat' dir='ltr'><strong>veteranis</strong></span> <span class='ocrx_word' id='word_1_133' title='bbox 440 2383 570 2441; x_wconf 83' lang='lat' dir='ltr'><strong>firmatae</strong></span> <span class='ocrx_word' id='word_1_134' title='bbox 587 2387 673 2439; x_wconf 87' lang='lat' dir='ltr'><strong>sunt:</strong></span> <span class='ocrx_word' id='word_1_135' title='bbox 701 2383 855 2456; x_wconf 81' lang='lat' dir='ltr'><strong>plebeique</strong></span> <span class='ocrx_word' id='word_1_136' title='bbox 877 2384 1059 2458; x_wconf 79' lang='lat' dir='ltr'><strong>congiarium</strong></span> <span class='ocrx_word' id='word_1_137' title='bbox 1079 2401 1145 2459; x_wconf 88' lang='lat' dir='ltr'><strong>qua·</strong></span> 
     </span>
     <span class='ocr_line' id='line_1_22' title="bbox 274 2479 1143 2558; baseline 0 -18"><span class='ocrx_word' id='word_1_138' title='bbox 274 2481 409 2557; x_wconf 83' lang='lat' dir='ltr'><strong>dringeni</strong></span> <span class='ocrx_word' id='word_1_139' title='bbox 430 2481 511 2539; x_wconf 90' lang='lat' dir='ltr'><strong>numi</strong></span> <span class='ocrx_word' id='word_1_140' title='bbox 537 2479 647 2539; x_wconf 86' lang='lat' dir='ltr'><strong>r&#39;iritim</strong></span> <span class='ocrx_word' id='word_1_141' title='bbox 667 2481 739 2547; x_wconf 86' lang='lat' dir='ltr'><strong>dati,</strong></span> <span class='ocrx_word' id='word_1_142' title='bbox 766 2487 796 2538; x_wconf 86' lang='lat' dir='ltr'><strong>et</strong></span> <span class='ocrx_word' id='word_1_143' title='bbox 823 2484 987 2540; x_wconf 84' lang='lat' dir='ltr'><strong>sestertium</strong></span> <span class='ocrx_word' id='word_1_144' title='bbox 1010 2485 1143 2558; x_wconf 88' lang='lat' dir='ltr'><strong>quadrin-</strong></span> 
     </span>
     <span class='ocr_line' id='line_1_23' title="bbox 273 2580 1143 2657; baseline 0.001 -21"><span class='ocrx_word' id='word_1_145' title='bbox 273 2580 389 2653; x_wconf 85' lang='lat' dir='ltr'><strong>genties</strong></span> <span class='ocrx_word' id='word_1_146' title='bbox 408 2580 521 2637; x_wconf 87' lang='lat' dir='ltr'><strong>aerario</strong></span> <span class='ocrx_word' id='word_1_147' title='bbox 544 2580 668 2637; x_wconf 84' lang='lat' dir='ltr'><strong>inlatum</strong></span> <span class='ocrx_word' id='word_1_148' title='bbox 695 2584 750 2645; x_wconf 87' lang='lat' dir='ltr'><strong>est,</strong></span> <span class='ocrx_word' id='word_1_149' title='bbox 777 2584 813 2637; x_wconf 90' lang='lat' dir='ltr'><strong>ad</strong></span> <span class='ocrx_word' id='word_1_150' title='bbox 842 2583 1032 2639; x_wconf 83' lang='lat' dir='ltr'><strong>retinendam·</strong></span> <span class='ocrx_word' id='word_1_151' title='bbox 1046 2581 1143 2657; x_wconf 90' lang='lat' dir='ltr'><strong>populi</strong></span> 
     </span>
     <span class='ocr_line' id='line_1_24' title="bbox 272 2676 1142 2753; baseline 0.003 -19"><span class='ocrx_word' id='word_1_152' title='bbox 272 2677 367 2734; x_wconf 85' lang='lat' dir='ltr'><strong>tidem.</strong></span> <span class='ocrx_word' id='word_1_153' title='bbox 410 2676 548 2749; x_wconf 80' lang='lat' dir='ltr'><strong>Vectigal</strong></span> <span class='ocrx_word' id='word_1_154' title='bbox 562 2696 676 2751; x_wconf 87' lang='lat' dir='ltr'><strong>quoque</strong></span> <span class='ocrx_word' id='word_1_155' title='bbox 692 2680 811 2753; x_wconf 81' lang='lat' dir='ltr'><strong>quintae</strong></span> <span class='ocrx_word' id='word_1_156' title='bbox 830 2687 860 2737; x_wconf 83' lang='lat' dir='ltr'><strong>et</strong></span> <span class='ocrx_word' id='word_1_157' title='bbox 881 2681 1041 2738; x_wconf 82' lang='lat' dir='ltr'><strong>vicesimae</strong></span> <span class='ocrx_word' id='word_1_158' title='bbox 1056 2697 1142 2739; x_wconf 84' lang='lat' dir='ltr'><strong>vena·</strong></span> 
     </span>
     <span class='ocr_line' id='line_1_25' title="bbox 272 2773 1139 2855; baseline 0.003 -23"><span class='ocrx_word' id='word_1_159' title='bbox 272 2774 342 2832; x_wconf 90' lang='lat' dir='ltr'><strong>lium</strong></span> <span class='ocrx_word' id='word_1_160' title='bbox 356 2773 567 2845; x_wconf 76' lang='lat' dir='ltr'><strong>mancipiorum</strong></span> <span class='ocrx_word' id='word_1_161' title='bbox 590 2777 752 2844; x_wconf 88' lang='lat' dir='ltr'><strong>remissum,</strong></span> <span class='ocrx_word' id='word_1_162' title='bbox 770 2779 869 2852; x_wconf 85' lang='lat' dir='ltr'><strong>specie</strong></span> <span class='ocrx_word' id='word_1_163' title='bbox 883 2780 985 2853; x_wconf 87' lang='lat' dir='ltr'><strong>magis,</strong></span> <span class='ocrx_word' id='word_1_164' title='bbox 999 2799 1085 2855; x_wconf 90' lang='lat' dir='ltr'><strong>quam</strong></span> <span class='ocrx_word' id='word_1_165' title='bbox 1100 2779 1139 2836; x_wconf 86' lang='lat' dir='ltr'><strong>vi.</strong></span> 
     </span>
     <span class='ocr_line' id='line_1_26' title="bbox 273 2861 1208 2952; baseline 0.005 -20"><span class='ocrx_word' id='word_1_166' title='bbox 273 2872 348 2951; x_wconf 89' lang='lat' dir='ltr'><strong>quia,</strong></span> <span class='ocrx_word' id='word_1_167' title='bbox 371 2889 439 2929; x_wconf 88' lang='lat' dir='ltr'><strong>cum</strong></span> <span class='ocrx_word' id='word_1_168' title='bbox 467 2873 606 2930; x_wconf 84' lang='lat' dir='ltr'><strong>venditor</strong></span> <span class='ocrx_word' id='word_1_169' title='bbox 634 2878 762 2948; x_wconf 85' lang='lat' dir='ltr'><strong>pandere</strong></span> <span class='ocrx_word' id='word_1_170' title='bbox 789 2878 943 2944; x_wconf 87' lang='lat' dir='ltr'><strong>iuberetur,</strong></span> <span class='ocrx_word' id='word_1_171' title='bbox 971 2879 1001 2936; x_wconf 92' lang='lat' dir='ltr'><strong>iu</strong></span> <span class='ocrx_word' id='word_1_172' title='bbox 1016 2861 1139 2952; x_wconf 86' lang='lat' dir='ltr'><strong>partem</strong></span> <span class='ocrx_word' id='word_1_173' title='bbox 1207 2870 1208 2875; x_wconf 8' lang='grc' dir='ltr'>ἵ</span> 
     </span>
     <span class='ocr_line' id='line_1_27' title="bbox 274 2972 1140 3049; baseline 0.002 -18"><span class='ocrx_word' id='word_1_174' title='bbox 274 2972 358 3049; x_wconf 86' lang='lat' dir='ltr'><strong>pretii</strong></span> <span class='ocrx_word' id='word_1_175' title='bbox 373 2972 548 3045; x_wconf 86' lang='lat' dir='ltr'><strong>emptoribus</strong></span> <span class='ocrx_word' id='word_1_176' title='bbox 573 2978 770 3032; x_wconf 79' lang='lat' dir='ltr'><strong>accrescebat.</strong></span> <span class='ocrx_word' id='word_1_177' title='bbox 812 2977 915 3033; x_wconf 79' lang='lat' dir='ltr'><strong>Edixit</strong></span> <span class='ocrx_word' id='word_1_178' title='bbox 936 2978 1055 3045; x_wconf 83' lang='lat' dir='ltr'><strong>Caesar,</strong></span> <span class='ocrx_word' id='word_1_179' title='bbox 1085 2986 1140 3036; x_wconf 86' lang='lat' dir='ltr'><strong>‘ne</strong></span> 
     </span>
     <span class='ocr_line' id='line_1_28' title="bbox 275 3072 1140 3150; baseline 0.006 -20"><span class='ocrx_word' id='word_1_180' title='bbox 275 3075 354 3149; x_wconf 68' lang='lat' dir='ltr'><strong>“quia</strong></span> <span class='ocrx_word' id='word_1_181' title='bbox 381 3072 569 3146; x_wconf 82' lang='lat' dir='ltr'><strong>Magistratus</strong></span> <span class='ocrx_word' id='word_1_182' title='bbox 596 3080 645 3130; x_wconf 89' lang='lat' dir='ltr'><strong>aut</strong></span> <span class='ocrx_word' id='word_1_183' title='bbox 674 3074 854 3141; x_wconf 74' lang='lat' dir='ltr'><strong>Procurator,</strong></span> <span class='ocrx_word' id='word_1_184' title='bbox 881 3076 930 3150; x_wconf 91' lang='lat' dir='ltr'><strong>qui</strong></span> <span class='ocrx_word' id='word_1_185' title='bbox 958 3076 1140 3148; x_wconf 84' lang='lat' dir='ltr'><strong>provinciam</strong></span> 
     </span>
     <span class='ocr_line' id='line_1_29' title="bbox 274 3173 1141 3250; baseline 0.005 -20"><span class='ocrx_word' id='word_1_186' title='bbox 274 3173 446 3238; x_wconf 88' lang='lat' dir='ltr'><strong>‘obtineret,</strong></span> <span class='ocrx_word' id='word_1_187' title='bbox 460 3174 659 3245; x_wconf 84' lang='lat' dir='ltr'><strong>spectaculum</strong></span> <span class='ocrx_word' id='word_1_188' title='bbox 677 3173 868 3250; x_wconf 83' lang='lat' dir='ltr'><strong>gladiatorum</strong></span> <span class='ocrx_word' id='word_1_189' title='bbox 883 3178 931 3230; x_wconf 87' lang='lat' dir='ltr'><strong>ant</strong></span> <span class='ocrx_word' id='word_1_190' title='bbox 945 3175 1078 3240; x_wconf 82' lang='lat' dir='ltr'><strong>terarum,</strong></span> <span class='ocrx_word' id='word_1_191' title='bbox 1093 3180 1141 3234; x_wconf 83' lang='lat' dir='ltr'><strong>aut</strong></span> 
     </span>
     <span class='ocr_line' id='line_1_30' title="bbox 275 3270 1140 3348; baseline 0.003 -19"><span class='ocrx_word' id='word_1_192' title='bbox 275 3273 369 3348; x_wconf 88' lang='lat' dir='ltr'><strong>‘quod</strong></span> <span class='ocrx_word' id='word_1_193' title='bbox 382 3271 461 3328; x_wconf 92' lang='lat' dir='ltr'><strong>aliud</strong></span> <span class='ocrx_word' id='word_1_194' title='bbox 481 3271 622 3328; x_wconf 89' lang='lat' dir='ltr'><strong>ludicrum</strong></span> <span class='ocrx_word' id='word_1_195' title='bbox 636 3270 755 3328; x_wconf 62' lang='lat' dir='ltr'><strong>ederet?</strong></span> <span class='ocrx_word' id='word_1_196' title='bbox 797 3273 872 3328; x_wconf 89' lang='lat' dir='ltr'><strong>Nam</strong></span> <span class='ocrx_word' id='word_1_197' title='bbox 888 3278 957 3329; x_wconf 89' lang='lat' dir='ltr'><strong>ante</strong></span> <span class='ocrx_word' id='word_1_198' title='bbox 972 3291 1030 3331; x_wconf 90' lang='lat' dir='ltr'><strong>non</strong></span> <span class='ocrx_word' id='word_1_199' title='bbox 1045 3276 1140 3332; x_wconf 89' lang='lat' dir='ltr'><strong>minus</strong></span> 
     </span>
     <span class='ocr_line' id='line_1_31' title="bbox 274 3368 1140 3449; baseline 0.009 -21"><span class='ocrx_word' id='word_1_200' title='bbox 274 3371 327 3428; x_wconf 88' lang='lat' dir='ltr'><strong>tali</strong></span> <span class='ocrx_word' id='word_1_201' title='bbox 338 3368 503 3444; x_wconf 86' lang='lat' dir='ltr'><strong>largitione,</strong></span> <span class='ocrx_word' id='word_1_202' title='bbox 519 3388 603 3445; x_wconf 89' lang='lat' dir='ltr'><strong>quam</strong></span> <span class='ocrx_word' id='word_1_203' title='bbox 618 3370 813 3449; x_wconf 76' lang='lat' dir='ltr'><strong>conripicnrlia</strong></span> <span class='ocrx_word' id='word_1_204' title='bbox 833 3371 973 3442; x_wconf 80' lang='lat' dir='ltr'><strong>pectiuiis,</strong></span> <span class='ocrx_word' id='word_1_205' title='bbox 995 3374 1140 3435; x_wconf 80' lang='lat' dir='ltr'><strong>subiectos</strong></span> 
     </span>
     <span class='ocr_line' id='line_1_32' title="bbox 273 3468 1139 3544; baseline 0.01 -21"><span class='ocrx_word' id='word_1_206' title='bbox 273 3468 465 3540; x_wconf 79' lang='lat' dir='ltr'><strong>asllligebant3</strong></span> <span class='ocrx_word' id='word_1_207' title='bbox 490 3470 568 3532; x_wconf 83' lang='lat' dir='ltr'><strong>dum.</strong></span> <span class='ocrx_word' id='word_1_208' title='bbox 589 3487 662 3543; x_wconf 88' lang='lat' dir='ltr'><strong>quae</strong></span> <span class='ocrx_word' id='word_1_209' title='bbox 682 3469 803 3527; x_wconf 82' lang='lat' dir='ltr'><strong>libidine</strong></span> <span class='ocrx_word' id='word_1_210' title='bbox 824 3470 1016 3544; x_wconf 81' lang='lat' dir='ltr'><strong>deliquerant,</strong></span> <span class='ocrx_word' id='word_1_211' title='bbox 1030 3475 1139 3531; x_wconf 87' lang='lat' dir='ltr'><strong>ambitu</strong></span> 
     </span>
     <span class='ocr_line' id='line_1_33' title="bbox 217 3558 1139 3636; baseline 0.015 -19"><span class='ocrx_word' id='word_1_212' title='bbox 217 3558 261 3617; x_wconf 78' lang='lat'><strong>32</strong></span> <span class='ocrx_word' id='word_1_213' title='bbox 272 3570 461 3636; x_wconf 84' lang='lat' dir='ltr'><strong>propugnant.</strong></span> <span class='ocrx_word' id='word_1_214' title='bbox 501 3567 629 3627; x_wconf 81' lang='lat' dir='ltr'><strong>Factum</strong></span> <span class='ocrx_word' id='word_1_215' title='bbox 643 3573 673 3626; x_wconf 85' lang='lat' dir='ltr'><strong>et</strong></span> <span class='ocrx_word' id='word_1_216' title='bbox 694 3568 725 3627; x_wconf 85' lang='lat' dir='ltr'><strong>S.</strong></span> <span class='ocrx_word' id='word_1_217' title='bbox 741 3568 775 3626; x_wconf 81' lang='grc'><strong>0.</strong></span> <span class='ocrx_word' id='word_1_218' title='bbox 795 3567 899 3627; x_wconf 91' lang='lat' dir='ltr'><strong>ultioni</strong></span> <span class='ocrx_word' id='word_1_219' title='bbox 918 3568 1003 3628; x_wconf 81' lang='lat' dir='ltr'><strong>iuxta</strong></span> <span class='ocrx_word' id='word_1_220' title='bbox 1016 3579 1048 3630; x_wconf 91' lang='lat' dir='ltr'><strong>et</strong></span> <span class='ocrx_word' id='word_1_221' title='bbox 1061 3590 1139 3631; x_wconf 83' lang='lat' dir='ltr'><strong>secu·</strong></span> 
     </span>
    </p>
   </div>
   <div class='ocr_carea' id='block_1_5' title="bbox 0 0 1234 4267">
    <p class='ocr_par' dir='ltr' id='par_1_5' title="bbox 0 0 1234 4267">
     <span class='ocr_line' id='line_1_34' title="bbox 0 0 1234 4267; baseline 0 0"><span class='ocrx_word' id='word_1_222' title='bbox 0 0 1234 4267; x_wconf 95' lang='lat' dir='ltr'><strong> </strong></span> 
     </span>
    </p>
   </div>
  </div>
 </body>
</html>
