2459 4267
319 421 327 435 ,
366 449 371 461 ,
419 373 664 429 TESTIMONIA.
911 380 976 431 mi

394 524 486 587 Idem
503 525 533 588 in
550 523 680 587 Tacito.

129 649 216 702 Corn.
227 648 362 707 Tacitum,
376 651 540 716 scriptorem
549 651 679 702 historiae
689 649 839 717 Augustae,
847 648 917 718 qnod
928 665 974 717 pa·

90 745 209 791 rentem
233 755 308 791 suum
333 738 460 791 eumdem
481 739 596 800 diceret,
618 741 646 792 in
664 740 788 791 omnihus
801 739 975 792 bibliothecis

91 829 230 881 collocari
242 829 330 879 iussit.

187 974 341 1038 Sidonius
358 974 465 1058 Epist.
482 975 538 1038 lib.
553 975 617 1038 IV.
642 974 681 1037 ad
697 974 884 1037 Polemium.

130 1100 215 1153 Caius
228 1099 343 1152 Tacitus
354 1116 373 1151 e
388 1102 535 1153 maioribus
547 1116 614 1152 nuns
633 1102 695 1157 tuis.
710 1100 884 1167 leianorum
902 1103 974 1153 tem·

93 1206 194 1258 porum
207 1189 370 1246 Consularis.
383 1191 433 1241 snb
445 1191 536 1242 verbis
556 1190 696 1242 cuiusdam
715 1190 870 1243 Germanici
890 1188 973 1243 Ducis

91 1282 125 1331 iu
139 1279 257 1331 historia
268 1294 317 1330 sua
333 1278 454 1339 rettulit,
467 1284 524 1331 etc.

213 1426 303 1488 ldcm
321 1426 351 1488 io
374 1426 576 1509 Panegyrico
591 1426 630 1489 ad
648 1425 864 1489 Anthemium.

170 1551 262 1608 Quam
273 1550 385 1617 Crispus
397 1553 536 1605 brevitate
548 1551 650 1618 placet,
662 1567 716 1619 quo
729 1551 846 1619 modern
860 1549 955 1611 Varro,

171 1640 235 1696 Quo
244 1642 323 1708 genio
336 1639 455 1700 Plautus,
469 1657 522 1709 quo
531 1640 640 1692 mimine
649 1639 848 1697 quinctilianus
860 1661 866 1691 :

170 1729 234 1786 Qua
245 1744 345 1797 pompa
356 1728 478 1792 Tacitus,
491 1744 636 1797 numquam
648 1731 706 1782 sine
718 1730 798 1783 laude
807 1728 962 1798 loquendus.

379 1877 470 1940 idem
488 1877 518 1939 in
535 1876 698 1961 Epigram.

242 2002 279 2055 Et
293 2007 322 2055 te
334 2004 379 2071 qui
392 2004 539 2061 brevitate.
551 2002 658 2070 Crispe,
671 2006 767 2072 polles,

242 2092 279 2143 Et
292 2099 330 2153 te,
343 2095 388 2160 qul
402 2110 451 2160 pro
461 2095 566 2162 ingenio
578 2094 688 2152 fluente,
708 2095 776 2146 nulli

246 2181 355 2234 Corneli
368 2182 476 2243 Tacite,
489 2198 519 2234 cs
532 2182 661 2236 tacendus
672 2185 723 2234 ori.

103 2301 162 2392 lua
177 2329 383 2401 eclanensi
398 2330 454 2391 us.
472 2330 516 2406 x,
536 2336 564 2406 1,
583 2328 684 2392 roc*
701 2328 837 2391 sortasse
851 2328 890 2391 su
909 2323 973 2393 ua-

387 2435 484 2498 citum
501 2437 691 2499 reserantur.

141 2560 269 2629 Superest
281 2559 377 2620 adhuc,
399 2566 429 2612 et
450 2559 563 2613 exornat
587 2562 689 2613 aetatis
711 2574 776 2613 suae
796 2561 918 2629 glorium,
931 2562 975 2616 vir

105 2652 271 2703 saeculorum
292 2651 423 2702 memorio
443 2649 547 2718 diguus,
559 2651 604 2718 qui
617 2651 683 2703 olim
701 2650 891 2710 nominabitur.
904 2666 974 2704 nuno

106 2742 274 2809 intelligitur.
313 2738 408 2791 Habet
417 2747 561 2799 amatores.
575 2755 627 2791 nec
641 2741 789 2798 immerito.
808 2745 840 2793 ut
854 2741 975 2799 lihertna,

107 2845 266 2899 quamquam
285 2830 451 2882 circumcisis
463 2846 533 2897 quae
545 2829 666 2890 dixisset,
679 2832 707 2882 ei
718 2832 850 2881 nocuerit.
861 2828 907 2881 scd
920 2830 976 2879 ela·

108 2923 166 2971 tum
184 2918 289 2990 abunde
303 2920 438 2985 spiritum,
451 2919 603 2972 etuudseea
624 2921 771 2971 sententias
789 2915 975 2986 deprehendas

109 3009 191 3060 ctiam
209 3011 237 3060 iu
250 3008 291 3069 iis,
305 3022 376 3076 quae
389 3011 505 3060 mouent.

136 3154 152 3186 θ
162 3154 254 3213 Ambigo
264 3154 326 3208 ideo,
338 3152 389 3209 quia
399 3153 455 3200 haec
464 3153 517 3199 vivo
527 3152 659 3201 Domitiano
668 3153 752 3201 Fabius
759 3149 872 3211 scripsisse
879 3145 976 3193 videtur.

108 3213 175 3275 liqui
185 3221 261 3262 noster
271 3219 338 3270 tuno,
348 3217 372 3258 ut
382 3212 467 3270 opinor,
477 3212 509 3260 nil
517 3213 665 3272 vulgarent..
696 3212 758 3267 [ὀμ.
