2459 4267
100 310 173 359 ac.
192 313 230 358 rs.
339 310 409 358 nra.
435 313 459 359 r.
509 312 587 358 cae.
614 270 785 357 oa-otl.
928 289 976 354 53

97 468 128 520 et
141 462 351 535 praesentibus
364 464 473 523 doloris
493 464 598 524 socius.
642 464 727 536 Quod
753 461 878 520 Tiberio
898 460 976 518 haud

96 564 265 634 probatum,
279 581 330 620 seu
344 568 453 622 cuncta
469 564 639 622 Germanici
653 564 683 620 in
698 562 827 620 eleterius
841 560 977 626 trahenti,

96 660 161 718 sive
183 662 352 720 exercitum
382 662 509 736 imagine
536 678 689 719 caesorum
711 663 977 736 insepultorumque

97 762 246 818 medelum
261 763 298 818 ad
314 761 435 834 proelia,
448 766 480 818 et
503 762 761 819 formidolosiorem
776 761 903 817 bostium
916 776 977 816 cre·

99 859 210 916 debet:
231 876 320 935 aeque
339 859 549 935 Imperatorem,
570 866 716 934 magurotu
736 865 762 915 et
784 855 978 915 venustissimis

94 955 279 1015 caerimoniis
287 956 457 1034 praeditum,
465 964 611 1016 ocream
614 956 728 1035 feralia
741 955 875 1014 ababa.
917 957 977 1014 Sed
988 958 1034 1017 63

95 1055 305 1125 Germanicus,
315 1059 473 1116 cedentem
484 1058 515 1115 in
527 1057 596 1114 avia
613 1057 778 1115 Arminium
786 1063 913 1122 seculus,
925 1056 974 1113 ubi

86 1157 223 1228 primum
238 1157 326 1229 copia
350 1156 413 1221 luit,
428 1157 515 1213 erebi
530 1157 653 1232 equites,
676 1173 877 1231 campumque,
890 1174 978 1231 quem

97 1255 463 1328 bnusnnauau‚enm
487 1254 576 1312 mbm.
621 1255 977 1329 Ammmhmcobssismm

98 1360 127 1410 ct
142 1354 342 1427 propinquare
365 1353 450 1411 silvis
475 1354 612 1416 monitos,
638 1352 725 1410 vertit
747 1361 886 1426 repente:
907 1371 977 1411 mox

83 1452 214 1527 signum
231 1453 436 1526 prorumpendi
449 1452 531 1510 tlerlit
545 1452 591 1519 iis,
605 1470 677 1527 quos
686 1470 737 1524 per
747 1455 836 1509 soltus
850 1455 976 1510 occulta·

83 1557 191 1608 .venu.
239 1552 423 1608 'Puncnova
446 1550 511 1609 aem
537 1553 665 1608 babeam
685 1552 975 1625 apms31nbuoeqoe

84 1650 294 1709 ,subsidiariae
307 1651 454 1718 cobortes,
465 1656 495 1707 et
510 1649 683 1725 fugientium
697 1650 813 1724 agmine
824 1650 976 1724 impulsae,

94 1754 241 1806 auxerant
263 1749 548 1806 consternationem:
571 1750 815 1824 trudebanturque
840 1749 871 1807 in
896 1751 975 1823 palu·

97 1849 175 1916 dem,
201 1865 325 1923 gnaram
350 1847 549 1913 vincentibus,
560 1847 689 1922 iniquam
709 1847 827 1914 nesciis,
841 1848 873 1906 ni
898 1849 974 1905 Cae·

84 1963 142 2010 ,sar
170 1948 327 2021 productas
365 1946 499 2021 legiones
527 1946 719 2022 inetmsisset.
747 1947 816 2004 inrle
844 1946 974 2003 hostibus

83 2050 195 2115 ¹terror,
224 2045 330 2101 fiducie
345 2044 456 2108 militis
470 2049 499 2101 el
520 2045 653 2103 manibus
678 2045 778 2120 aequis
797 2046 976 2101 abscessum.

85 2142 184 2211 illex,
197 2145 325 2200 reducto
339 2144 375 2199 ad
398 2140 545 2201 Amisiam
567 2144 710 2212 exercitu,
725 2142 855 2217 legiones
869 2143 973 2210 classe,

98 2245 129 2297 et
152 2243 330 2306 advexerat,
354 2245 498 2312 reportat:
519 2259 584 2314 pars
604 2241 735 2315 equitum
760 2239 845 2297 litore
859 2239 973 2296 Oceani

83 2345 197 2414 petere
210 2339 347 2396 Rhenum
362 2338 448 2396 lousa.
479 2339 620 2406 Caecina,
633 2337 685 2414 qui
696 2355 782 2395 suum
792 2337 915 2394 militem
923 2339 973 2395 du·

97 2423 194 2503 cebet,
209 2437 346 2505 monitus,
369 2454 541 2513 quemquam
566 2438 646 2495 nolis
668 2436 820 2495 itineribus
839 2438 970 2510 regrerle·

82 2543 183 2604 retur,
198 2536 310 2593 Pontes
325 2537 424 2609 longos
445 2554 535 2611 quam
555 2536 720 2593 maturrime
744 2553 886 2610 superare.
909 2538 975 2594 Ao·

96 2642 197 2708 gustus
212 2634 238 2691 is
253 2640 364 2691 trames
375 2640 477 2691 vastas
501 2635 578 2691 inter
601 2637 730 2708 paludes,
744 2642 773 2693 et
795 2638 938 2711 quondam
952 2654 973 2693 a

95 2732 131 2791 L.
147 2732 284 2791 Domitio
296 2740 466 2807 aggeratos:
488 2739 588 2790 cetere
610 2734 726 2800 limosa,
750 2735 867 2793 moesia
886 2736 974 2810 gravi

97 2849 204 2898 meno,
216 2837 265 2887 aot
279 2830 352 2887 rivis
373 2831 486 2890 incerta
500 2838 603 2899 erant;
621 2833 731 2889 circum
744 2833 976 2906 silvae,paulla·
1028 2904 1033 2909 ι

97 2928 148 2986 tim
168 2928 324 2987 adclivesc
339 2947 411 3003 quas
430 2936 493 2987 tum
506 2930 657 2986 Arminius
677 2928 821 3003 implevit,
833 2948 974 3003 compen·

93 3027 973 3103 ffiwmmffioeQOmmmmmmfflmmmwm

99 3126 220 3183 militem
233 3143 306 3183 com,
322 3127 531 3184 antevenisset.
573 3128 722 3185 Caecinae
736 3125 890 3191 dubitanti,
901 3142 976 3199 quo

99 3240 167 3280 nam
180 3227 267 3282 morlo
280 3232 378 3299 ruptos
401 3230 548 3282 vetustate
569 3233 675 3302 pontes
694 3227 857 3297 reponeret,
870 3223 973 3280 simul·

126 3415 235 3463 Manibus
250 3417 325 3477 nequir
342 3417 474 3478 streame]
506 3419 587 3490 Aequo
598 3418 685 3466 Marte.
717 3414 809 3462 Sallust.
830 3412 881 3460 cat.
894 3428 912 3461 c.
930 3418 973 3462 ab

100 3476 157 3519 med.
178 3477 255 3535 Aeqrro
261 3491 339 3523 omna.
372 3481 404 3523 At
413 3478 534 3534 Romanos,
544 3494 561 3524 rr
570 3492 614 3524 non
629 3478 695 3530 lusos,
707 3482 768 3520 certe
777 3487 828 3518 eum
836 3474 918 3519 damno
927 3475 972 3520 alu·

105 3546 149 3593 quo
157 3534 273 3581 fflsoedem
283 3540 394 3587 coactare
404 3550 507 3598 conseqq.
519 3542 580 3583 recta
588 3539 699 3584 notarunt
705 3533 746 3581 viri
754 3530 828 3580 doru..

139 3631 209 3680 uon.
235 3633 261 3673 r.
535 3614 582 3672 b*
