2459 4267
226 302 297 370 llt)
451 335 455 344 ·
547 319 733 369 suuuurvur
951 325 977 371 s.
990 321 1024 394 y.
1040 328 1096 372 aaa.

223 492 353 551 regnum,
379 475 583 533 ostentabatur.
612 477 665 533 sed
689 492 748 532 non
775 474 906 533 excessit
928 475 1016 551 Italia
1040 495 1097 550 per

222 573 426 650 duodeviginti
440 579 548 643 annos3
568 572 791 648 consenuitque,
804 576 926 631 multum
940 574 1100 636 imminuta

220 675 366 740 claritate,
385 675 423 730 ob
446 672 564 730 nimiam
581 672 702 729 vivendi
721 671 896 746 cupidinem.
940 673 1022 731 Idem
1037 674 1098 731 Oa-

222 774 339 829 tualdae
363 789 456 840 casus,
479 773 573 845 neque
595 770 675 827 aliud
702 770 872 845 perfugium.
894 773 990 844 pulsus
1014 773 1095 829 haud

222 874 315 928 multo
328 875 391 944 post
413 870 678 927 Hermundurorum
692 868 804 942 opibus,
825 875 855 927 et
870 868 983 926 Vibilio
995 870 1072 926 duce
1086 890 1094 925 ε

222 976 420 1042 receptusque,
432 968 539 1024 Forum
551 968 701 1042 lulium,N
704 967 873 1024 arbonensis
885 968 1000 1024 Galliae
1011 970 1096 1024 colo·

221 1067 310 1133 niam,
325 1065 456 1122 mittitur.
498 1065 621 1122 Barbari
635 1072 785 1140 utrumque
799 1065 940 1131 comitati,
962 1084 998 1123 ne
1012 1065 1096 1140 quie·

221 1170 266 1222 tas
289 1163 454 1237 provincias
478 1163 604 1221 immixti
634 1166 791 1230 turbarent,
817 1164 985 1220 Danubium
1008 1166 1097 1233 ultra,

222 1264 299 1321 inter
313 1262 431 1320 flumina
446 1261 562 1319 Marum
580 1266 610 1318 et
630 1262 747 1332 Cusum,
769 1265 910 1329 locantur,
925 1254 994 1317 dato
1009 1261 1097 1335 Rege

168 1360 212 1418 os
223 1362 352 1428 Vannio,
365 1362 462 1436 gentis
484 1363 659 1433 Quadorum.
713 1362 805 1419 Simul
821 1361 968 1428 nunciato,
982 1362 1093 1436 Regem

222 1461 375 1518 Artacium
397 1457 540 1518 Arruntis
567 1477 586 1516 u
611 1441 779 1517 Gemuuuico
805 1458 910 1528 dutum,
931 1462 1094 1517 decrevere

222 1560 334 1627 Patres,
353 1564 384 1615 ut
404 1556 592 1615 Gemnuns'uus
619 1565 702 1634 utque
727 1558 844 1615 Drusus
865 1565 975 1615 caumes
995 1557 1095 1614 urbem

221 1656 377 1715 introirent.
389 1659 491 1714 structi
502 1663 531 1713 et
547 1674 630 1714 arcus
645 1658 755 1714 circum
770 1660 860 1714 latera
873 1658 975 1731 templi
986 1657 1094 1715 Martis

222 1757 345 1824 Vltoris,
356 1774 423 1814 cum
431 1754 529 1831 effigie
544 1756 721 1813 Caesarum:
741 1757 862 1812 laetiore
878 1756 1010 1822 Tiberio,
1022 1756 1095 1830 quia

220 1873 325 1929 pacem
340 1856 484 1929 sapientia
497 1855 672 1930 firmavrat,
686 1872 772 1928 quam
786 1854 811 1910 si
826 1856 933 1911 bellum
949 1872 998 1927 per
1011 1855 1095 1912 acies

219 1955 408 2012 coniecisset.
450 1953 542 2029 Igitur
570 1954 772 2026 Rhescuporin
796 1970 918 2027 quoque,
943 1953 1095 2011 Thraciae

224 2057 347 2130 Regem,
373 2060 436 2111 astu
467 2053 641 2127 adgreditur.
682 2053 808 2109 Omnem
841 2069 907 2109 eam
942 2052 1095 2109 nationem

224 2155 450 2212 Rhoemetalces
465 2158 611 2209 tenuerat:
631 2139 692 2225 ⁷quo
706 2151 854 2218 defuncto,
870 2153 1017 2224 Augustus
1029 2169 1098 2223 par·

224 2258 284 2309 tem
300 2253 450 2310 Thracum
473 2248 693 2322 Rhescuporidi.
714 2250 795 2305 fratri
816 2249 887 2316 eius,
907 2239 1017 2323 partem
1031 2250 1096 2307 tilio

152 2343 157 2348 ’
224 2351 316 2424 Cotyi
342 2351 480 2423 permisit.
522 2351 558 2406 ln
582 2365 618 2403 ea
639 2347 786 2404 divisione
808 2365 879 2404 arva
901 2353 932 2405 et
955 2351 1038 2404 urbes
1061 2356 1094 2407 et

223 2449 325 2506 vicina
334 2449 456 2507 Graecis
468 2448 575 2520 Cotyi3
596 2448 671 2522 quod
684 2448 834 2513 incultum,
842 2448 935 2514 leros,
946 2449 1096 2505 adnexum

223 2546 363 2613 hostibus,
391 2545 603 2618 Rhescuporidi
629 2545 736 2603 cessit:
770 2546 951 2621 ipsorumque
978 2546 1096 2618 Regum

223 2644 352 2719 ingenia,
366 2645 409 2700 itti
424 2641 499 2700 mite
509 2649 539 2699 et
559 2661 723 2710 amoenum,
739 2644 806 2701 huic
820 2649 915 2712 atrox,
929 2645 1046 2701 avidum
1061 2648 1096 2701 et

222 2742 372 2813 societatis
397 2741 551 2814 impatiens
576 2748 648 2798 erat.
690 2744 750 2799 Sed
771 2743 863 2815 primo
883 2745 1002 2799 subdola
1023 2760 1096 2800 con·

222 2841 320 2900 cordia
335 2858 420 2914 egere
432 2860 439 2895 s
452 2855 527 2916 mox
547 2840 744 2914 Rhescuporis
763 2842 860 2915 egredi
879 2844 959 2908 lines,
976 2849 1093 2899 vertere

222 2942 253 2999 in
268 2959 299 2997 se
311 2940 401 3012 Cotyi
416 2940 491 3008 data,
503 2944 532 2995 et
546 2939 694 2997 resistenti
711 2941 770 2997 vim
785 2942 898 3009 lacere;
919 2947 1096 2999 cunctanter

222 3043 275 3098 suh
292 3042 431 3114 Augusto,
446 3056 531 3113 quern
545 3025 695 3095 auctorem
708 3039 959 3113 utriusqueregni‚
974 3040 998 3095 si
1013 3058 1095 3111 sper·

221 3147 347 3206 neretur,
363 3141 509 3196 vindicem
529 3142 686 3196 metuebat.
705 3140 866 3204 enimvero,
886 3140 985 3196 audita
1000 3149 1095 3199 muta·

222 3240 302 3297 tione
325 3239 479 3311 Principis,
501 3221 656 3294 immittere
679 3239 822 3294 latronum
844 3239 954 3312 globos,
974 3240 1096 3299 exscin-

134 3351 139 3358 ’
168 3340 290 3402 tffidere
305 3340 435 3403 castella,
455 3353 571 3393 caussas
588 3338 675 3392 bello.
718 3337 800 3392 Nihil
824 3354 914 3410 aeque
934 3336 1096 3396 Tiberium

222 3437 343 3493 anxium
369 3437 503 3503 habebat,
530 3453 625 3509 quam,
653 3452 689 3490 ue
714 3437 874 3516 composita
899 3437 1095 3495 turbarentur.
1177 3453 1186 3462 ·

248 3585 313 3633 Cum
322 3586 539 3651 effigiscsmrum]
569 3585 817 3640 osmanidesllrusl·
847 3587 909 3645 [λιι
