2459 4267
297 344 371 413 252
622 360 808 410 snusarrrr
1025 362 1160 415 anna

297 516 378 584 artis,
397 513 480 575 cuius
499 512 675 598 apiscendae
694 516 785 576 otium
805 515 882 587 apud
900 514 1054 584 ilbodum,
1066 518 1163 592 magis·

298 620 374 674 trum
394 616 585 690 Thrasyllum
605 615 714 686 babuit,
744 606 879 690 peritiam
909 615 976 673 eius
993 617 1066 679 ,lroc
1085 617 1163 681 modo
1216 612 1218 619 '

246 723 284 782 21
299 720 445 789 expertus.
486 715 631 789 Quotiens
651 731 736 788 snper
768 714 821 771 tall
841 713 970 789 negotio,
983 717 1164 781 consultaret,

299 815 380 873 edita
400 816 501 872 domus
521 820 602 887 parte
612 830 649 870 ac
664 813 761 871 liberti
777 811 861 870 unius
875 813 1066 871 conscientia
1079 813 1167 879 ulaba-

300 916 354 970 tur.
375 913 400 970 is
421 915 580 970 litterarum
599 911 726 987 ignarus,
753 906 875 984 corpore
895 911 1011 979 valido,
1034 929 1088 985 per
1104 909 1167 968 avia

299 1027 335 1069 ac
368 1012 488 1084 derupta
520 1005 602 1086 (nam
638 1009 718 1068 saxis
747 1011 849 1067 domus
882 1007 1027 1088 inminet)
1045 1008 1168 1084 praeibat

299 1126 375 1175 eum,
395 1108 478 1166 euius
506 1113 599 1167 artem
629 1108 757 1183 experiri
788 1108 927 1166 Tiberius
961 1109 1123 1175 statuisset,
1140 1110 1166 1163 et

299 1192 524 1283 regredientem,
543 1207 570 1264 si
599 1207 740 1265 vanitatis
759 1215 809 1265 aut
829 1206 959 1266 lraudum
982 1205 1114 1281 suspicio
1130 1204 1168 1262 in·

300 1311 439 1375 cesserat,
458 1306 490 1364 iu
511 1307 673 1367 subiectum
694 1300 770 1364 mare
784 1305 1012 1379 praecipitabat,
1033 1303 1167 1364 ueindex

301 1405 401 1465 arcani
422 1406 571 1475 existeret.
613 1405 705 1480 igitur
725 1404 910 1478 Thrasyllus,
929 1405 1040 1467 iisdem
1059 1403 1166 1476 rupibus

301 1502 446 1570 inductus,
492 1507 642 1577 postquam
676 1507 917 1577 percunctantem
960 1504 1167 1567 commoverat,

301 1598 448 1678 insperiam
467 1598 533 1674 ipsi,
553 1605 583 1657 et
603 1600 698 1657 lutura
717 1602 848 1658 sollerter
875 1602 1070 1676 patefaciens,
1088 1601 1167 1657 inter·

301 1704 426 1773 rogatur,
446 1706 503 1758 ‘an
523 1716 605 1756 suam
626 1716 739 1774 quoque
757 1699 918 1774 genitalem
939 1700 1045 1759 boram
1060 1714 1165 1770 compo

300 1797 421 1855 ‘rissetz
443 1803 610 1874 quamtum
643 1816 765 1867 aunum,
786 1801 901 1874 qualem
928 1799 1010 1858 diem
1031 1793 1164 1858 baberet?

300 1895 368 1965 Ille,
388 1899 498 1970 positus
519 1898 657 1964 siderum,
692 1914 728 1956 ac
760 1884 855 1972 spatia
875 1896 1038 1969 dimensus,
1057 1898 1166 1956 haerere

302 1995 404 2070 primo,
424 1995 493 2054 dein
524 2013 692 2069 pavescere,
725 2001 764 2063 et,
787 2002 935 2070 ,quantum
954 1995 1162 2070 introspiceret,

302 2094 443 2169 magisac'
458 2095 549 2169 magis
560 2095 688 2168 trepidus
705 2093 904 2167 admirationis
918 2101 949 2152 et
969 2102 1079 2164 metus,
1097 2095 1164 2168 post·

303 2209 384 2251 remo
397 2196 555 2262 exclamat,
575 2193 758 2268 ‘ambiguum
785 2191 841 2265 sibi
871 2210 907 2250 ae
928 2210 1020 2268 prope
1042 2194 1164 2275 ultimum

303 2291 478 2351 ‘discrimen
498 2290 626 2350 instare?
679 2292 760 2350 Tum
789 2293 961 2366 complexus
981 2311 1053 2352 eum
1082 2290 1163 2350 Tibe·

303 2389 372 2461 rim,
391 2393 572 2465 ‘praescium
606 2390 798 2463 periculorum
816 2398 849 2448 et
881 2390 1063 2451 incolumem
1083 2381 1164 2457 ;lore,’

279 2475 450 2564 gratatur,
481 2509 610 2565 quaeque
631 2489 759 2558 dixerat,
778 2491 889 2548 oraculi
912 2490 979 2549 vice
1008 2488 1165 2563 accipiens,
1217 2520 1218 2533 κ

250 2586 379 2654 winter
395 2587 514 2645 intimos
533 2589 694 2647 amicnmm
715 2596 805 2647 tenet.
847 2590 907 2647 Sed
935 2589 1019 2657 milri,
1039 2591 1111 2647 haec
1131 2597 1162 2641 sc

303 2684 373 2740 talia
393 2685 533 2752 audienti,
554 2686 584 2743 in
619 2687 732 2745 incerto
750 2686 890 2745 iudicium
909 2693 964 2756 est,
982 2687 1046 2747 lato
1063 2705 1101 2746 ne
1122 2696 1163 2741 res

302 2782 464 2840 mortalium
488 2789 519 2839 et
539 2785 716 2843 necessitate
737 2785 911 2853 inmutabili,
946 2789 1081 2853 anlorte
1107 2781 1162 2840 vol·

302 2886 416 2937 rantur.
436 2879 543 2955 quippe
562 2882 793 2957 sapientissimos
806 2889 954 2954 ¹veterum,
980 2885 1086 2961 quique
1108 2892 1164 2938 sec·

302 2985 363 3038 tam
381 2997 481 3037 eorum
501 2984 692 3050 aemulantur,
721 2983 853 3041 diversos
878 2973 1022 3058 repedem
1043 2999 1079 3040 ae
1098 2977 1162 3038 mul·

303 3078 341 3136 tis
361 3079 479 3137 insitam
493 3079 672 3153 opinionem,
692 3086 770 3139 ‘nou
784 3081 870 3140 initia
884 3082 984 3152 nmtri,
996 3090 1059 3149 non
1069 3081 1161 3140 finem,

303 3183 386 3236 ‘non
404 3178 529 3254 denique
550 3179 682 3236 homines
703 3179 769 3237 Diis
789 3197 885 3238 curae.
906 3177 974 3238 ideo
992 3176 1158 3239 creberrime

303 3281 355 3334 ‘et
375 3275 467 3333 tristia
488 3277 517 3334 in
539 3278 630 3334 bonos
657 3282 687 3334 et
709 3280 784 3335 laeta
804 3279 880 3351 apud
901 3278 1061 3337 deteriores
1080 3264 1157 3333 esse!

303 3374 414 3431 Contra
446 3374 508 3444 alii,
526 3375 638 3433 ‘latum
668 3375 783 3450 quidem
813 3394 973 3451 congruere
993 3373 1096 3455 rebusss
1115 3387 1158 3446 pu·
1203 3396 1216 3451 j

302 3476 376 3537 tant,
393 3473 465 3529 ‘sed
481 3491 539 3530 non
560 3493 578 3531 e
600 3475 681 3548 vagis
702 3475 804 3543 stellis,
834 3493 934 3533 verum
965 3476 1042 3550 apud
1062 3468 1158 3550 princi·

302 3574 311 3599 ⁶
324 3569 373 3640 pia
403 3575 433 3627 et
463 3588 557 3631 nexus
586 3574 758 3633 naturalium
786 3590 974 3633 caussarum:
1002 3591 1039 3634 ac
1066 3578 1155 3631 tanen
