2459 4267
95 412 211 462 eun.
309 414 379 463 utu.
399 417 436 463 11.
488 418 566 463 cue.
585 394 756 463 tib-71.
886 396 956 461 113

92 568 193 624 tistuit.
220 586 291 626 mox
315 572 438 626 adversa
457 569 637 627 Gerruouici
664 566 834 625 valetudiue
856 569 956 626 deten-

92 667 139 725 tus,
153 667 199 721 ubi
213 675 375 724 recreatum
389 669 514 741 accepit,
540 674 665 740 votoque
681 685 733 739 pro
754 667 955 725 incolumitate

59 753 63 758 ’
91 766 282 831 solvebantur,
311 768 441 823 admotas
469 766 586 830 hostias,
610 765 803 843 sacrificalem
837 765 955 838 adparu-

86 864 152 926 'tum,
185 863 289 920 festam
321 865 563 921 Antiochensium
597 867 722 937 plebem,
758 881 810 937 per
837 866 955 921 lictores

87 964 235 1031 proturbat.
302 963 382 1020 'l'um
413 964 579 1020 Seleuciam
606 963 776 1036 digreditur,
799 964 957 1035 opperiens

85 1060 302 1131 aegritudinem,
336 1080 410 1135 quae
445 1079 554 1118 rursum
585 1063 765 1119 Germanico
796 1061 955 1119 occideret.

90 1157 209 1215 Saevum
226 1160 287 1217 vim
314 1160 405 1216 morbi
428 1163 552 1232 sugebat
567 1139 717 1233 periussio
741 1161 854 1228 veneni,
875 1178 892 1215 s
909 1159 954 1216 Pi·

86 1272 152 1312 tone
178 1258 316 1330 accepti:
341 1265 371 1314 et
399 1262 618 1331 reperiebantur
644 1262 707 1315 solo
734 1277 770 1315 oc
798 1260 954 1331 perietibus

87 1363 180 1411 erutae
205 1358 399 1415 bumanorum
428 1375 580 1430 corporum
601 1357 750 1431 reliquiae,
772 1358 903 1414 carmina
923 1361 955 1414 et

84 1455 260 1517 devotiones,
275 1466 306 1512 et
326 1474 433 1513 nomeu
449 1457 621 1513 Germanici
637 1457 778 1529 plumbeis
791 1457 897 1512 tubulis
910 1455 953 1513 in·

83 1556 228 1624 sculptum,
242 1557 364 1612 semusti
378 1557 502 1620 cineres,
517 1572 553 1611 ac
565 1558 633 1610 tabe
645 1555 742 1620 obliti,
764 1555 878 1629 otioque
895 1571 952 1610 ms·

84 1652 182 1719 leticia,
196 1655 261 1728 quis
275 1653 407 1711 creditur
418 1654 532 1711 suimus
545 1654 709 1711 numinibus
723 1653 847 1711 internis
858 1669 952 1710 sacre·

84 1750 113 1806 ri.
127 1752 209 1807 simul
226 1753 309 1808 missi
330 1770 346 1809 n
362 1753 471 1810 Pisone
493 1755 707 1818 incusabantur,
728 1758 759 1809 ut
775 1751 951 1809 valetudinis

82 1850 198 1905 adversa
207 1853 355 1907 rimantes.
372 1853 416 1908 Eo
426 1852 604 1910 Germanico
614 1853 689 1908 houd
701 1851 796 1908 minus
805 1852 856 1913 irs,
864 1868 950 1925 quum
962 1847 1007 1909 {0

8 2025 9 2034 ἵ
83 1958 249 2019 permotum
265 1957 406 2022 acceptu
428 1954 472 2006 ‘si
498 1951 587 2007 limen
609 1950 839 2012 obsideretur,si
861 1949 949 2006 effun-

8 2065 9 2096 ;
83 2047 205 2104 ‘dendus
226 2050 346 2119 spiritus
367 2051 421 2105 sub
444 2050 540 2105 oculis
561 2050 747 2107 inimicorum
769 2048 860 2116 loret3
881 2048 950 2120 quid

8 2123 9 2158 ³
81 2145 198 2202 ‘deinde
227 2148 407 2204 miserrimae
431 2145 573 2222 coniugi?
599 2149 667 2222 quid
691 2146 852 2202 insentibus
879 2148 948 2201 libe·
1001 2137 1004 2144 ’

8 2291 9 2316 ,
78 2243 134 2298 ‘ris
152 2244 352 2302 eventurum?
374 2249 453 2302 leuto
471 2247 562 2302 rideri
577 2245 741 2302 veneficio:
765 2243 904 2300 festinare
917 2248 949 2301 et

81 2344 204 2415 ‘urgere
218 2349 252 2399 ut
267 2344 458 2416 provinciam,
473 2352 503 2400 ut
519 2344 650 2419 legiones
663 2345 743 2399 solus
756 2343 870 2399 habeut.
895 2344 948 2400 sed

8 2503 9 2508 ἵ
80 2444 154 2496 ‘non
168 2459 259 2515 usque
273 2460 310 2499 eo
333 2443 479 2499 delectum
504 2442 725 2507 Germanicum,
751 2458 846 2515 neque
868 2458 947 2513 prse-

80 2538 152 2595 ‘miu
177 2540 280 2597 caedis
308 2543 382 2613 opud
410 2543 630 2600 interfectorem
654 2540 807 2599 mensura!
829 2557 946 2614 compo

75 2636 118 2692 nit
131 2643 280 2710 epistolas,
293 2646 301 2672 ‘
313 2641 379 2714 quis
402 2640 565 2698 curicitism
585 2643 613 2697 ei
637 2621 842 2698 nannetensi!
885 2642 951 2698 Au·

39 2768 42 2772 ,
78 2734 145 2792 dunt
174 2738 315 2811 uterique,
347 2739 459 2796 iussum
490 2740 662 2811 ‘provincis
693 2738 856 2800 decedere?
888 2757 947 2798 uec

54 2869 57 2874 ·
80 2832 143 2890 tiso
169 2842 297 2893 moratus
324 2840 397 2893 ultra
425 2838 515 2894 novis
538 2839 649 2895 solvil:
684 2841 943 2912 moderabaturque

66 2933 175 3010 cursui,
199 2953 259 3008 quo
271 2936 390 3007 propius
412 2937 618 3009 regrederetur,
631 2938 657 2993 si
682 2956 757 2995 mors
772 2937 943 2995 Germanici

79 3030 189 3103 Syriam
216 3035 385 3105 operuisset.
446 3036 564 3102 Guessr,
599 3038 755 3108 paullisper
792 3038 832 3091 sd
860 3052 940 3105 spem
955 3033 995 3095 71

77 3138 195 3196 erectus,
215 3132 296 3197 dein,
320 3133 394 3189 fesso
413 3150 543 3205 corpore,
568 3134 616 3190 ubi
638 3134 827 3198 tinisaderon
852 3132 946 3192 odeis.

79 3237 169 3291 tentes
182 3238 294 3294 etnicos
307 3238 337 3294 iu
359 3240 447 3296 ltunc'
462 3242 577 3297 modum
602 3241 783 3313 adloqnitnrz
801 3240 856 3295 ‘Si
882 3239 942 3293 luto

76 3336 293 3402 ‘concederem
316 3336 418 3394 ¹iustus
445 3339 516 3395 mibi
550 3341 642 3404 dolor,
676 3339 765 3392 etium
800 3339 944 3393 adversus

77 3431 182 3500 ‘neon
207 3441 293 3503 esset,
317 3438 392 3509 quod
419 3454 466 3493 me
489 3436 665 3509 parentibus,
686 3434 795 3503 liberis,
820 3435 947 3508 patriae,
1029 3453 1031 3457 ’

102 3606 221 3663 opperiens
229 3610 404 3673 aegritudinem]
436 3610 540 3669 intellige
549 3610 735 3660 euertlummetbi.
766 3610 834 3662 Eru-

111 3705 178 3746 son.
199 3709 222 3748 1.
501 3689 565 3748 10*
