2459 4267
302 315 374 387 358
624 298 810 382 emunivit
911 373 917 383 ,
1026 333 1056 379 a.
1071 331 1101 379 v.
1118 334 1169 380 aas.

269 526 277 531 -
299 491 391 549 briter
409 489 539 548 tremere.
582 488 686 563 Neque
707 483 919 562 poenitentiam
938 484 997 543 lilii
1019 489 1068 542 aut
1087 484 1171 541 satie·

301 595 393 648 tatem
424 584 572 669 opperiri:
605 592 770 662 quantoque
803 585 931 645 foediora
968 583 1170 658 exprobrabat,

301 690 396 747 aerim
409 689 581 755 ascendere,
598 687 705 753 donec,
726 685 756 742 vi
768 685 874 742 amoris
888 685 1041 750 subactus,
1055 684 1171 745 exueret

301 789 468 863 obsequium
482 787 513 843 in
528 791 657 851 matrem,
680 786 869 857 Senecasque
890 783 1087 856 permitteret.
1126 780 1169 836 Ex

301 887 383 946 cuius
416 883 602 942 familiaribus
636 884 778 941 Annaeus
814 883 953 950 Serenus,
988 878 1168 937 simulatione
1225 898 1226 903 ¹

300 984 405 1041 auroris
438 984 577 1039 adversus
611 982 738 1039 eandem
778 981 923 1045 libertam,
965 980 1077 1054 primas
1110 977 1170 1033 ado

297 1080 437 1139 lescentis
469 1080 624 1153 cupidines
660 1082 821 1145 velaverat,
860 1081 1093 1153 praebueratque
1127 1092 1170 1131 no

299 1197 377 1247 meu,
397 1186 439 1247 nt,
462 1196 536 1254 quae
561 1178 704 1250 Princeps
727 1179 824 1236 furtim
852 1179 1046 1236 mulierculae
1073 1175 1171 1232 tribue·

301 1281 361 1345 bat,
384 1275 430 1335 ille
453 1280 550 1351 palam
575 1277 735 1350 largiretur.
777 1277 857 1334 Tum
881 1276 1060 1350 Agrippina,
1084 1270 1169 1329 versis

302 1378 420 1443 artibus,
435 1394 485 1449 per
500 1375 701 1433 biandimenta
716 1376 853 1432 iuvenem
867 1377 1001 1450 adgredi,
1017 1383 1116 1430 ‘suum
1129 1386 1172 1442 po

302 1475 381 1531 ‘tius
405 1474 571 1532 cubiculum
606 1490 641 1530 ao
669 1472 774 1531 sinum’
804 1475 913 1542 offerre,
947 1469 1167 1546 ‘contegendis

327 1638 449 1698 Samenque
462 1637 606 1698 penultimi]
639 1639 664 1685 ln
683 1653 708 1684 re
726 1640 818 1701 ancipiti
838 1646 862 1687 et
880 1641 962 1687 dubiae
980 1632 1167 1699 interpretationis
1225 1652 1226 1665 1

299 1697 377 1744 artifici
389 1698 501 1743 brevitate
511 1698 648 1753 desculpitur,
656 1713 685 1744 ne
694 1699 717 1744 iu
727 1702 895 1747 alteramutraur
905 1708 996 1760 partem
1007 1700 1097 1761 pronior
1104 1707 1170 1753 appa·

299 1762 354 1803 reat.
388 1759 482 1807 Serreca.
502 1756 598 1802 etsiiam
617 1757 645 1802 ab
663 1757 730 1803 initiis
746 1759 831 1819 imperii
842 1760 939 1805 Neronis
957 1775 1028 1807 unum
1046 1772 1093 1802 cum
1104 1755 1169 1811 Burro

299 1822 412 1861 sedamen
428 1815 540 1861 lrabuisset
550 1816 656 1862 adversus
674 1816 829 1863 crudelitatem
840 1825 864 1863 et
880 1818 1012 1877 superbiam
1033 1812 1166 1874 Agripplmta
1225 1820 1226 1843 ³

300 1888 387 1936 semper
397 1882 472 1920 tamen
482 1874 503 1920 in
515 1874 560 1919 lilio
579 1876 666 1920 aluerat
677 1876 775 1921 debitam
793 1877 859 1922 matri
879 1878 996 1937 pietatem.
1033 1877 1071 1930 Et,
1088 1870 1166 1933 quotie!
1224 1905 1226 1917 ,

300 1934 331 1979 ab
350 1949 377 1979 ea
398 1948 421 1978 se
439 1934 478 1978 ille
499 1934 627 1978 irraolentius
650 1934 793 2003 asperiusque
811 1942 931 1981 tractatum
950 1936 1053 1988 doleret,
1072 1927 1167 1991 quamsit

301 1992 455 2052 imtigarrtibus
476 1993 534 2038 baud
550 1991 617 2037 dubie
633 1999 708 2038 matam
726 1995 904 2047 assentatoribus.
916 2009 960 2040 non
976 1996 1110 2062 permiserat
1123 2000 1168 2032 mm

301 2053 368 2097 matri
388 2051 425 2097 diu
447 2050 517 2104 irasci,
536 2051 615 2095 nedum
632 2051 717 2097 ironiam
737 2053 846 2107 mordere,
864 2055 902 2099 sed
920 2053 1028 2110 gravibus
1037 2058 1060 2096 et
1078 2045 1166 2094 honestis

300 2111 391 2157 monitis
401 2110 551 2156 exulceratam
561 2115 658 2155 mentem
668 2117 791 2155 sanaverat,
817 2113 839 2157 N
841 2127 883 2157 truc
892 2126 932 2172 per
939 2112 1012 2181 ipsius
1022 2106 1167 2170 impotentiam

299 2184 329 2216 eo
346 2185 381 2215 res
400 2175 449 2214 erat
470 2169 569 2221 redacta,
588 2169 654 2214 etsie
673 2170 875 2216 commotalerocia
895 2185 955 2216 saeva
970 2166 1125 2217 adolescentis.
1145 2167 1168 2208 ut

300 2227 427 2274 necessario
435 2234 492 2272 esset
504 2226 611 2272 silendum
631 2227 660 2272 de
670 2234 748 2279 matre,
759 2236 799 2273 aut
814 2243 851 2273 aas
868 2229 993 2282 estolidum,
1012 2235 1038 2274 ut
1051 2227 1103 2287 ipae.
1121 2235 1165 2267 ⁰⁰⁰¹

299 2287 557 2348 illaqnatereturioras,
577 2286 615 2346 qui
633 2286 700 2341 solus,
717 2293 757 2332 aut
770 2301 820 2332 cum
840 2244 913 2334 altero
932 2288 979 2339 illo.
996 2288 1022 2333 in
1036 2287 1166 2331 sclaveram

299 2346 397 2398 dicebat.
408 2352 432 2390 et
442 2345 464 2390 in
489 2349 585 2388 osterum
598 2351 621 2389 et
632 2344 661 2389 ad
673 2345 727 2389 llaec
738 2345 859 2401 mitiganda
869 2354 893 2391 et
902 2344 1002 2392 omnibus
1015 2345 1078 2392 bonis
1088 2340 1166 2408 totique

299 2403 447 2473 Reipublicae
495 2409 530 2447 ret
549 2403 640 2448 inutilis.
673 2403 733 2460 llrgo
752 2405 858 2459 permisit.
880 2407 921 2451 laoe
940 2411 983 2460 est,
1001 2404 1081 2456 caruit,
1097 2398 1163 2450 dealt.

299 2463 377 2508 obniti.
390 2469 414 2508 et
424 2463 465 2507 bac
475 2468 539 2522 parte
550 2463 596 2506 veri
615 2463 694 2507 melles
709 2462 821 2508 auriculas
841 2465 928 2515 radere,
938 2479 979 2510 nec
997 2463 1090 2509 retinuit
1099 2458 1164 2521 palam

299 2528 474 2581 responsabtem
485 2526 516 2573 et,
527 2534 584 2579 qraae
603 2522 676 2565 adhuc
686 2521 743 2565 clam
754 2522 844 2575 lecerat.
856 2523 927 2569 omrlis
945 2524 1089 2580 ingerentem.
1105 2514 1163 2566 erod

299 2594 341 2626 aec
352 2580 444 2625 laudare
456 2579 527 2624 voluit
542 2579 641 2633 'l'scitus¹
653 2584 676 2625 et
693 2587 826 2627 accusantur
835 2583 925 2636 trustra,
944 2596 1003 2641 quae
1018 2584 1105 2638 cogant
1116 2586 1164 2620 tem·
1223 2598 1224 2605 ¹

298 2652 363 2697 pora.
397 2637 491 2682 ldeosic
502 2640 641 2684 transmittit.
675 2639 958 2701 Namquodsequiturde
979 2638 1162 2686 Annaeosereao.

298 2709 341 2740 non
352 2695 512 2753 accipiendum,
533 2696 597 2753 quasi
607 2698 690 2742 laverit
706 2698 777 2742 amori
797 2699 894 2745 Neronis
904 2702 989 2745 Seneca
998 2707 1076 2746 eontra
1094 2691 1163 2740 matti·

298 2753 444 2803 voluntatem.
452 2766 508 2820 puae
517 2754 604 2809 gratiae
614 2771 692 2801 caussa
704 2776 709 2801 ε
723 2759 769 2811 sed,
779 2772 844 2816 quum
855 2758 971 2813 iudicaret,
983 2759 1043 2804 hunc
1059 2757 1080 2801 ei
1097 2753 1163 2799 luduru

297 2811 403 2863 dandum,
414 2823 503 2878 marorrs
513 2811 566 2879 tnali
576 2812 676 2878 evitandi
687 2830 748 2872 ergo.
759 2831 787 2860 eo
804 2816 859 2876 ipso,
869 2818 927 2877 quod
944 2819 1110 2876 comparaverat
1119 2822 1163 2870 per·

299 2884 382 2921 sonam»
393 2883 453 2936 cutus
463 2882 552 2914 aomina
572 2869 699 2918 liberalitas
719 2875 815 2921 Neronia
830 2876 952 2930 velaretur,
970 2875 1063 2920 fovebat
1072 2882 1162 2920 metti·

298 2929 354 2976 tiam
366 2936 450 2984 matris,
460 2933 483 2972 et
492 2928 559 2973 tilium
575 2930 697 2987 retinebat,
708 2938 734 2977 ut
743 2948 792 2981 cum
810 2934 885 2994 aliqua
896 2934 1031 2979 verecundia
1048 2930 1162 2987 indulgeret

299 2987 371 3035 aetati
410 2988 454 3033 Sed
473 2987 563 3033 salubre
581 2990 697 3037 consilium
714 2992 833 3038 austeritas
851 2993 989 3054 Agrippinae
1008 2998 1033 3038 et
1053 2985 1161 3038 aemulatio

301 3064 358 3094 vana
369 3048 455 3093 irritum
466 3046 572 3093 reddidit.
604 3047 673 3095 Gran.

330 3129 437 3172 Aramaua
454 3125 561 3184 Sarmat]
593 3126 638 3176 Qui
656 3129 779 3187 praelectus
799 3129 890 3187 vigilum
902 3131 1007 3178 Neronis.
1038 3126 1161 3178 Plinium,

300 3191 333 3233 tr.
368 3184 445 3242 magt
457 3185 564 3240 familias
584 3199 658 3240 emper
675 3188 806 3234 interemere
823 3195 843 3234 et
862 3194 904 3234 tata
920 3190 1028 3241 mustela.
1049 3195 1158 3236 Annaeum

299 3245 408 3290 Serenum
435 3242 579 3300 Praefectum
589 3243 686 3290 Neronis
706 3245 802 3302 vigilum
816 3253 836 3293 et
847 3248 996 3295 Tribunoset
1015 3246 1159 3295 eminemu-
1220 3268 1222 3297 J

299 3304 364 3357 Quare
382 3277 480 3370 uoluptas
498 3307 559 3347 tanta
577 3303 681 3371 rumpitis
700 3305 761 3350 ciat?
786 3308 820 3351 tle
839 3308 881 3352 boc
901 3309 974 3352 amico
992 3322 1033 3353 suo
1051 3302 1161 3366 eapieudut

300 3363 459 3419 Senecaeprst.
469 3364 503 3405 63⁴
537 3360 600 3406 Haec
617 3362 657 3406 libs
678 3363 755 3417 satta,
773 3364 800 3417 is.
815 3366 855 3422 qui
874 3369 995 3412 Annaeum
1012 3367 1116 3414 Sermusa
1132 3372 1161 3404 tt·

299 3421 415 3464 mmmmm
434 3418 491 3463 midi
510 3424 555 3465 tam
563 3421 677 3466 immodice
685 3421 750 3479 flevi,
760 3427 793 3469 ad.
803 3425 861 3481 qnod
871 3425 964 3472 minime
974 3426 1049 3475 uelim.
1068 3426 1122 3470 taur
1129 3431 1160 3462 tt·

299 3479 369 3532 empta
379 3478 420 3522 sim
427 3490 512 3531 mrum.
522 3480 644 3536 quoadalor
652 3481 705 3524 vicit
744 3481 776 3526 Et
785 3482 898 3543 inscripsit
913 3484 987 3530 eidem
1001 3484 1072 3532 libros
1080 3477 1157 3530 ruoatlt

300 3534 482 3597 Tranquillitste,
493 3545 658 3585 monumentum
668 3538 757 3585 amoris.
