2459 4267
230 387 249 423 x
539 369 760 423 PRAEFATIO.

232 524 413 589 manifestus
428 531 477 587 est
492 524 634 589 eruditus
651 526 710 601 vir,
726 525 780 608 qni
797 525 977 590 Domitiano
994 549 1044 590 rx.
1061 538 1097 593 et

233 630 388 712 Verginio
424 630 510 694 Rufo
544 651 583 692 rr.
614 651 698 692 coss.
730 629 911 694 Praetorem
942 633 1096 697 Tacitum
1142 661 1148 670 ·

232 737 404 800 constituit.
451 736 532 799 Nam
547 736 683 799 Tacitus
700 737 826 818 quidem
844 737 912 822 ipse
933 739 962 800 iu
980 739 1099 802 Annali

232 863 282 904 xr.
315 843 431 903 diserte
459 842 501 903 ait
528 862 562 903 se
585 839 671 904 XV.
697 842 797 903 vnum
830 841 865 905 S.
893 842 932 905 F.
960 865 997 904 ac
1029 852 1099 906 turn

231 947 411 1009 Praetorem
429 948 510 1009 ludis
526 947 736 1008 saecularibus
750 947 918 1009 Domitiani
935 969 1005 1009 cum
1019 969 1099 1012 cura

230 1052 378 1114 adfuisse.
426 1052 525 1134 Atqui
556 1051 646 1113 ludos
662 1052 881 1115 saecularesa
911 1053 1095 1115 Domitiano

230 1157 331 1219 editos
359 1178 392 1219 s.
417 1179 450 1219 v.
475 1177 505 1218 c.
539 1177 699 1218 ncccxcr.
724 1157 755 1218 id
786 1166 847 1231 est,
878 1158 1094 1240 quinquennio

230 1262 299 1346 ipso
315 1263 483 1347 posterius,
507 1283 597 1345 quam
614 1257 785 1350 Vertranlo
809 1263 938 1346 placuit,
960 1283 1000 1324 ex
1030 1284 1096 1325 mo·

229 1368 384 1429 numentis
415 1367 548 1450 antiquis
579 1367 716 1449 liquidae
747 1367 888 1428 veritatis
909 1350 978 1428 est.
1025 1368 1095 1429 Ex·

231 1479 311 1534 stant
324 1473 438 1536 unmrni
456 1494 515 1534 non
533 1473 626 1556 pauci
642 1492 714 1534 cnm
730 1472 778 1532 uis
791 1473 883 1548 notis,
897 1492 973 1533 rur.
991 1492 1094 1534 esus.

232 1597 333 1641 rosv.
360 1599 596 1641 nourrrsuvs.
623 1598 704 1640 svo.
731 1598 844 1640 sunu.
870 1598 973 1639 rona.
1000 1568 1091 1640 unx.
1163 1599 1164 1604 ¹

231 1708 287 1747 nn.
313 1705 457 1747 rornsr.
482 1703 562 1748 vul.
588 1705 661 1747 cos.
686 1705 760 1746 ιη.
786 1701 866 1745 nvn.
889 1703 985 1746 asco.
1012 1704 1091 1746 nnc.

231 1790 286 1852 Ad
318 1789 521 1853 Consulatum
552 1781 668 1853 deiude
700 1789 775 1850 satis
806 1790 898 1869 longo
927 1790 1093 1852 intervallo

230 1897 405 1979 imperante
444 1887 553 1960 Nerua
590 1896 735 1980 pervenit
773 1915 807 1957 a.
840 1914 874 1955 v.
909 1914 939 1956 c.
976 1914 1096 1956 oecon.

241 2001 393 2063 suffectos
419 2002 448 2063 iu
475 2002 577 2063 locum
593 2000 749 2061 demortui
776 1999 820 2062 Τ.
845 1997 990 2079 Verginii
1006 1999 1093 2073 Rus,

230 2103 322 2182 illius,
339 2107 392 2190 qui
419 2105 555 2168 delatum
580 2126 598 2167 a
623 2104 821 2167 Gennanlcls
849 2104 1022 2185 legionibus
1038 2106 1094 2166 irn-

229 2214 349 2297 perium
377 2220 556 2275 constanter
580 2219 754 2295 spreverat.
780 2231 872 2292 quern
900 2217 932 2270 et
962 2209 1092 2272 defunc·

230 2326 294 2379 tum
324 2338 382 2401 pro
412 2318 520 2380 rostris
546 2316 681 2379 Tacitus
712 2315 861 2376 laudavit.
917 2313 1093 2377 Exsulasse

230 2443 301 2483 eum
327 2423 385 2482 snb
404 2420 585 2482 Domitiano
608 2419 736 2501 quidam
761 2420 974 2496 tradiderunt3
997 2420 1093 2501 magis

230 2534 343 2598 tamen,
374 2531 407 2586 nt
430 2525 552 2609 opinor,
577 2544 636 2608 pro
661 2541 745 2586 more
769 2526 867 2605 vulgi,
891 2525 944 2607 qui
975 2526 1093 2606 magnis
1180 2573 1187 2580 .

230 2630 306 2693 viris
322 2629 456 2709 insignes
480 2649 572 2690 casus
600 2629 758 2711 adfingere
784 2639 876 2704 amat,
899 2651 990 2713 quarn
1008 2629 1093 2713 quod

230 2736 297 2797 eius
325 2734 370 2796 rei
405 2742 511 2796 certus
536 2743 646 2797 auctor
672 2735 722 2796 sit.
768 2733 839 2814 Ego
869 2735 1003 2815 legendo
1034 2756 1094 2798 non

229 2839 312 2901 aliud
340 2840 511 2923 comperio,
537 2861 628 2923 qnam
656 2840 792 2902 abluisse
816 2861 885 2902 enm
910 2841 1026 2922 aliquot
1042 2861 1093 2903 an·

228 2946 276 3008 nis
300 2946 339 3007 ab
355 2945 443 3020 urbe,
467 2945 563 3028 idque
587 2966 627 3007 eo
651 2947 721 3030 ipso
736 2953 888 3029 tempore,
906 2966 970 3027 quo
996 2946 1094 3008 lulius

230 3050 380 3132 Agricola
395 3069 488 3113 socer
517 3051 584 3113 eius
600 3059 730 3114 mortem
745 3052 872 3125 obierit,
899 3071 983 3112 coss.
1002 3052 1091 3112 Pom·

229 3158 302 3241 peio
326 3157 475 3239 conlega,
498 3165 532 3220 et
562 3156 638 3219 Cor.
662 3155 785 3232 Prisco,
816 3178 878 3219 non
906 3164 967 3218 tam
990 3156 1094 3219 exsilii

229 3263 431 3339 necessitate,
447 3270 482 3325 nt
508 3261 652 3337 arbitror,
674 3282 765 3345 quam
783 3263 887 3324 taedio
919 3271 1095 3346 temporum

230 3374 262 3429 el
277 3367 425 3451 cupidine
441 3369 507 3431 otii.
554 3368 648 3446 Nam,
671 3369 756 3450 quod
771 3367 876 3441 iidem,
893 3376 928 3429 ut
953 3367 1035 3429 omni
1051 3387 1095 3429 ex
1130 3402 1135 3410 ·

228 3479 319 3558 parte
336 3480 397 3533 tam
413 3475 503 3535 anxia
518 3472 678 3554 diligentia
697 3481 831 3547 constet,
859 3472 1045 3534 decennium
1062 3471 1094 3534 in

229 3577 340 3642 exsilio
355 3576 457 3660 egisse
472 3578 624 3654 scribunt,
640 3600 677 3642 ac
693 3578 820 3645 densum
836 3585 967 3642 exorato
985 3576 1096 3641 Domi·
