2459 4267
77 312 110 361 a.
127 307 233 359 car„
304 307 375 356 aur.
401 309 449 357 rr.
498 308 577 357 car.
603 285 773 358 rto-m.
881 290 961 363 219.

76 465 256 539 loqueretur,
277 480 329 520 sen
353 467 466 521 taceret
486 461 613 531 iuvenis,
633 463 746 522 crimen
765 480 805 522 ax
828 464 962 534 sitentim

76 580 120 621 ex
147 579 232 620 voce.
253 580 292 620 ne
306 579 365 620 nox
379 561 505 637 quidem·
516 578 618 621 secura
632 580 640 632 ;
660 579 728 621 cum
742 579 816 621 uror
830 563 965 645 uigiliam¹

76 677 212 728 somnos,
226 660 348 734 suspiria
361 660 447 718 matri
460 661 577 729 Liviae,
600 665 691 733 atqua
700 660 752 719 llla
775 662 893 730 Seiano,
908 679 958 736 pa·

78 762 248 820 teiaceret:
270 748 319 836 qui
329 760 446 819 tratrem
454 777 567 836 quoque
582 760 720 828 Neronis,
734 761 869 831 Drusum,
880 765 957 819 trax-

75 860 160 919 itin
187 866 293 934 partes,
316 877 368 933 spe
391 859 509 918 obiecta
533 859 674 933 principis
699 860 770 927 loci,
793 859 819 917 si
832 858 958 934 priorem

76 963 192 1024 aetate,
205 963 236 1015 et
249 958 307 1016 iam
322 958 498 1017 labefactum
520 958 711 1018 demovisset
753 959 850 1019 Atrox
865 956 956 1015 Drusi

76 1057 249 1131 ingenium,
259 1074 355 1130 snper.
366 1057 536 1130 cupidinem
549 1057 699 1130 potentiae
713 1062 743 1115 et
764 1057 851 1116 solita
863 1055 957 1115 tratri·

75 1156 237 1222 besodia,
256 1157 474 1218 accendebatur
499 1154 625 1222 invidia,
638 1157 713 1230 qood
737 1160 831 1214 mater
851 1153 957 1230 Agrip

75 1254 153 1329 pina
180 1254 339 1329 promptior
364 1255 479 1313 Neroni
502 1259 574 1312 erat.
598 1270 693 1328 neque
717 1259 816 1312 tamen
830 1253 956 1313 Seianus

77 1353 125 1413 ita
141 1352 273 1411 Drusum
283 1354 415 1421 fovebat,
436 1359 469 1411 nt
489 1369 549 1411 non
571 1352 602 1411 in
624 1368 691 1410 eum
705 1369 819 1429 qnoque
843 1352 956 1411 semina

77 1451 170 1509 saturi
184 1451 268 1509 esitii
283 1451 488 1522 meditaretur3
508 1464 624 1527 guarum
644 1451 838 1526 praeferocem
862 1456 892 1508 et
913 1451 957 1509 in·

76 1549 166 1611 sidiis
181 1550 273 1623 magis
283 1556 483 1624 opportunum.
526 1551 603 1607 Fine
617 1551 686 1608 anni
700 1567 855 1609 excessere
868 1548 1004 1623 insipat

77 1666 139 1707 nes
153 1648 220 1714 viri,
227 1649 348 1706 Asinius
361 1649 593 1722 Agrippaclaris
602 1649 757 1709 maioribus
762 1667 849 1725 quam
861 1655 957 1707 vetus·

78 1748 131 1816 tis,
156 1746 276 1822 vitaque
309 1765 368 1805 non
391 1748 537 1822 degener3
565 1754 596 1805 et
618 1749 656 1820 Q.
679 1749 826 1815 Haterius,
845 1747 957 1805 omitte

78 1846 241 1914 senatoria,
264 1845 458 1921 eloquentiae,
480 1847 575 1921 quoad
590 1845 874 1925 vixitpcelebratae:
896 1862 957 1904 mo-

77 1946 216 2008 nimenta
228 1944 341 2020 ingenii
354 1944 417 2002 eins
430 1944 506 2003 haud
520 1943 642 2023 perinde
656 1944 826 2002 retinentur.
868 1943 955 2002 Scill-

78 2052 133 2103 cet
155 2043 266 2118 impetu
291 2042 395 2117 magis,
415 2060 501 2117 quam
522 2059 592 2100 cura
618 2042 755 2116 vigebatz
775 2047 871 2116 utque¹
884 2042 957 2099 atio·

76 2160 145 2202 rnm
167 2141 329 2202 meditatio¹
338 2147 369 2198 et
381 2142 463 2199 labor
475 2139 507 2198 in
525 2130 673 2214 posterum
688 2142 823 2207 valescit,
837 2140 881 2198 sic
895 2141 956 2201 Ha·

78 2240 151 2301 terii
164 2254 303 2299 canorum
321 2239 394 2297 illud
417 2243 448 2297 et
460 2238 617 2316 {profluens
630 2255 698 2301 cum
711 2237 775 2312 ipso
798 2237 885 2297 simut
905 2257 954 2296 eiu

79 2341 224 2399 stinctum
238 2345 293 2396 est

88 2438 168 2497 Μ.
183 2440 311 2506 Licinio,
336 2440 373 2513 L.
398 2438 558 2513 Calpurnio
571 2456 654 2499 coss
678 2438 841 2515 ingentium
865 2436 1006 2510 belle-62

77 2556 145 2597 rum
154 2539 270 2596 cladem
279 2538 418 2612 aequavit
429 2541 537 2596 malum
548 2537 747 2611 improvisum.
761 2537 824 2597 eins
837 2538 954 2597 initium

77 2636 406 2696 simulettiaisextitit.
448 2637 526 2694 Nam
537 2640 644 2710 coepto
655 2637 731 2711 apud
742 2637 886 2695 Fidenam
895 2654 954 2696 am·

76 2736 258 2810 phitheatro‚
292 2733 402 2792 Atilius
435 2733 563 2809 quidam,
590 2734 719 2793 libertini
746 2736 871 2811 generis,
897 2753 954 2811 quo

78 2834 282 2907 spectaculum
308 2832 500 2908 gladiatomm
528 2834 700 2901 celebraret,
727 2852 822 2910 neque
849 2833 951 2891 lunda·

76 2937 178 2990 menta
193 2949 244 3005 per
257 2931 380 2989 solidum
394 2930 532 3005 subdidit,
546 2950 641 3007 neque
654 2932 744 2991 firmia
760 2933 885 2990 nexibus
898 2932 952 3005 lig·

78 3029 177 3105 neam}
190 3046 361 3104 compagem
384 3030 594 3103 superstruxit:
614 3029 710 3105 utqui
727 3045 787 3086 non
808 3031 954 3094 abundan-

79 3130 123 3187 tia
149 3128 303 3203 pecuniae,
316 3145 373 3186 uec
393 3128 565 3203 municipali
584 3127 755 3207 ambitione,
777 3127 829 3183 scd
851 3127 883 3183 in
896 3143 954 3184 sor·

79 3226 152 3286 dida
166 3228 303 3286 mercede
327 3226 358 3284 id
379 3227 528 3302 negotium
548 3225 750 3300 quaesivisset.
781 3223 953 3291 Adduxere
999 3280 1005 3288 ,

78 3325 165 3383 avidi
176 3326 288 3394 talium,
302 3325 488 3401 imperitante
503 3323 628 3383 Tiberio
641 3325 742 3403 procul
756 3322 953 3400 voluptatibus

77 3499 219 3623 mmm}
250 3502 368 3565 ruebat,
377 3502 522 3565 probabatur
532 3467 634 3551 florebat.
650 3496 704 3549 Vid.
715 3498 746 3551 ad
755 3499 848 3611 Sueten
863 3497 920 3553 Ner
930 3514 956 3560 c
