2459 4267
57 355 201 405 acea
281 355 352 402 nra.
377 355 429 402 ιιι.
480 355 559 402 car.
585 336 755 403 dL—td.
870 335 942 406 tot

58 507 158 575 batur,
187 515 234 575 nt,
261 507 355 565 meeis
386 508 617 582 negotiatoribus
651 507 800 574 Rornanis,
834 507 942 565 bellum

58 605 240 678 inciperet:
274 606 417 680 paucique
443 606 572 680 equitum
603 606 753 680 corruptir
786 609 883 681 plures
910 606 942 663 in

58 706 165 762 officio
196 721 338 762 mansere.
394 704 486 762 Alim
521 708 625 780 vulgus
658 708 858 763 obseratorum
892 709 943 765 sut

56 801 225 860 clientium
251 818 331 860 erma
358 803 456 875 cepit:
490 806 685 879 petebantque
710 804 812 868 saltus,
838 807 942 879 quibus

58 917 177 959 nornen
193 899 358 967 Arduenna,
376 918 443 958 cum
463 903 594 976 legiones
614 909 734 978 utroque
748 905 787 958 ab
800 902 942 970 exercitu,

58 1016 134 1073 qnos
150 999 300 1056 Visellius
314 1005 344 1056 et
361 1000 397 1057 G.
412 1001 502 1058 Silius
516 1002 648 1058 adversis
662 1001 815 1058 itineribus
827 1000 942 1057 obiece-

60 1104 140 1164 rant,
171 1103 337 1155 arcuerunt.
366 1098 594 1173 praemiumque
622 1115 689 1156 cum
715 1100 831 1155 delecta
855 1115 941 1157 mann

61 1196 160 1254 lulius
182 1198 284 1264 lodus,
300 1215 317 1254 e
333 1198 458 1255 civitate
476 1198 590 1262 eadem,
610 1197 721 1254 discors
742 1198 839 1262 Floro.
855 1204 884 1253 sl
902 1198 942 1254 ob

63 1293 94 1351 id
107 1297 271 1352 navandae
282 1313 388 1368 operae
399 1296 523 1361 avidior,
536 1295 717 1353 inconditam
729 1295 942 1353 multitudinem

63 1394 166 1451 adbuc
194 1393 324 1452 disiecit.
378 1394 483 1451 Florus
514 1394 637 1451 incertis
672 1394 789 1451 latebris
817 1393 943 1450 victores

63 1490 233 1556 frustratus,
254 1498 407 1564 postremo,
429 1491 501 1549 visis
521 1491 671 1558 militibus,
683 1491 734 1567 qul
747 1490 855 1564 effugis
868 1491 944 1549 tuse
1018 1515 1021 1520 ¹

65 1586 186 1658 derant,
207 1605 259 1646 sua
274 1605 360 1646 manu
374 1588 492 1647 ceclrllt.
534 1589 620 1664 isque
633 1587 792 1647 'l'rerericl
807 1590 944 1647 tumultus

67 1684 146 1744 bnis.
195 1687 283 1759 Apud
313 1688 432 1745 Aeduos
460 1686 551 1744 metor
577 1690 669 1745 moles
697 1693 810 1753 exorta,
835 1675 997 1761 quantotss

67 1783 182 1843 civitas
192 1784 367 1860 opulentior,
378 1792 411 1843 et
421 1785 632 1860 comprimendi
646 1788 745 1860 prosu
760 1783 944 1858 praesidium.

72 1883 332 1958 Augustodunum,
344 1890 432 1959 captu
451 1885 558 1959 gentis,
577 1883 697 1955 armetis
709 1883 877 1946 cohortibus
893 1883 946 1947 Se·

70 1984 172 2040 crovir
185 1991 393 2057 occupaverat,
410 1991 440 2042 et
460 1985 671 2043 nobilissimam
684 1986 848 2044 Galliarum
862 1990 944 2046 subc·

71 2083 141 2151 leun
159 2082 329 2140 liberalibus
347 2083 451 2141 studiis
471 2083 515 2148 ibi
535 2092 695 2158 opteratsm.
716 2091 749 2142 ut
767 2102 805 2141 eo
822 2084 943 2158 pignore

71 2190 209 2254 parentes
242 2183 473 2257 propinquosque
506 2201 605 2241 eorum
643 2183 824 2255 adiungeret.
858 2182 944 2240 simol

72 2296 163 2348 arma,
191 2283 308 2338 occulte
330 2281 481 2348 fabricata,
507 2281 656 2340 iuventuti
682 2280 825 2352 dispertit.
867 2281 944 2352 Qus

72 2380 207 2454 draginta
231 2379 324 2436 millia
351 2380 440 2448 luere,
467 2381 569 2455 quinta
594 2380 640 2437 sui
668 2386 748 2453 parte
775 2378 943 2453 legionariis

74 2479 180 2546 sunis3
209 2480 299 2535 ceteri
314 2496 380 2535 cum
395 2479 547 2536 venabulis
568 2485 598 2537 et
611 2481 723 2544 cultris,
741 2493 871 2553 quaeque
885 2477 943 2537 alls

75 2578 252 2633 venantibus
267 2579 325 2634 tels
339 2583 417 2634 sunt.
437 2578 579 2634 adduntur
592 2596 609 2635 e
623 2576 751 2634 servitiis
765 2578 943 2651 gladiaturae

75 2674 225 2741 destinati,
237 2676 340 2749 quibus
359 2693 439 2732 more
459 2677 587 2749 gentico,
607 2676 776 2734 continuum
790 2677 857 2736 terri
872 2677 943 2753 tegi·

77 2790 152 2841 men,
176 2772 378 2849 cruppellarios
402 2779 521 2842 vocant,
548 2774 706 2832 inserendis
733 2775 838 2834 ictibus
861 2776 943 2833 inna-

76 2870 158 2938 biles,
185 2871 367 2945 accipiendis
399 2871 644 2945 impenetrabiles.
676 2876 855 2948 augebantur
888 2875 943 2931 bec

78 2969 180 3042 copiae
194 2971 358 3027 vicinarum
377 2970 542 3038 civitatum,
563 2978 593 3028 ut
613 2974 742 3029 noudum
762 2977 862 3044 aperte
875 2987 943 3027 con·

78 3069 284 3135 semiunciis
306 3069 416 3126 viritim
442 3069 580 3142 promptis
601 3071 715 3133 studiis,
734 3075 765 3126 et
782 3066 943 3138 certamine

79 3162 195 3224 Ducum
214 3167 420 3235 Romanorum,
442 3186 513 3243 quos
536 3168 613 3226 inter
632 3167 850 3240 ambigebatur3
871 3170 944 3221 utro-

79 3281 132 3338 que
161 3266 268 3323 bellnm
296 3266 353 3323 sibi
385 3273 533 3340 poscente.
568 3281 638 3323 mox
665 3266 769 3330 Varro,
797 3262 944 3319 invalidus

79 3370 208 3432 senecta,
229 3364 344 3437 vigenti
364 3365 438 3426 Silio
456 3364 613 3423 concessit.
656 3363 698 3419 At
721 3362 839 3427 Rornae,
868 3362 997 3424 ‘nouat

106 3518 183 3565 Goeris
191 3518 363 3574 medentibus
371 3519 448 3580 Rom]
479 3518 540 3567 Nam
556 3517 579 3564 bi
594 3520 666 3572 erant,
677 3516 715 3579 qui
725 3516 804 3564 tenore
813 3510 877 3572 gravi
895 3521 944 3578 pre

80 3575 170 3624 nebant
179 3575 336 3638 provinciales,
346 3583 372 3625 ut
382 3578 452 3626 edic.
469 3577 484 3633 1.
496 3593 514 3624 c.
526 3582 597 3640 patet.
628 3575 689 3626 Era.
