2459 4267
41 294 205 390 'narn
287 342 359 391 ute.
385 290 448 392 sn.
498 344 576 395 cnr.
603 328 775 397 ac-at.
878 328 951 397 319

36 500 43 507 ’
115 496 153 553 C.
178 495 319 566 Antistio,
345 496 387 555 Μ.
414 499 509 556 Suiiio
528 518 615 559 coss.=
642 501 762 575 adoptio
788 501 819 559 in
850 503 952 562 Domi·

65 594 159 663 tium,
181 595 354 653 auctoritate
375 596 528 666 Patientis,
550 600 712 659 testinatur.
734 602 783 676 qui
796 601 952 660 obstrictus

67 693 273 767 Agrippinae,
286 700 318 752 ut
332 696 506 755 conciliator
528 700 701 772 nuptiarum,
725 711 756 757 et
768 694 837 758 mox
852 708 953 774 stupro

68 793 142 850 eius
177 794 325 869 inligatus.
359 796 526 854 stimulabat
560 799 727 865 Claudium,
768 803 952 857 ‘consuleret

36 950 40 955 ,
66 878 307 965 *Βείριιὺῑίοαεε
330 895 495 953 Britannici
510 897 662 968 pueritiam
677 900 778 955 robore
791 897 950 956 circumda·

68 994 149 1047 ‘ret
192 992 244 1049 Sic
260 994 336 1065 apud
351 994 390 1051 D.
408 995 579 1067 Augustum,
602 1013 775 1071 quamquam
796 999 950 1071 nepotibus

68 1089 262 1153 ‘subnixum
278 1093 406 1165 viguisse
427 1094 597 1171 privignos:
618 1112 636 1151 a
651 1096 775 1154 Tiberio
788 1114 875 1170 super
887 1114 949 1170 pro-

67 1188 188 1261 ‘prism
202 1189 322 1260 stirpem
333 1191 542 1251 Germanicum
553 1186 746 1266 adsumptum
785 1195 825 1251 Se
836 1208 949 1269 quoquc

68 1288 266 1361 ‘accingeret
280 1289 396 1356 iuvene,
407 1296 519 1364 partem
528 1308 660 1348 eumcum
670 1290 870 1364 capessituro?
893 1293 949 1349 His

69 1387 202 1455 evictus,
225 1387 345 1445 biennio
367 1390 506 1447 maiorem
526 1395 597 1446 natu
632 1391 794 1447 Domitium
817 1389 878 1447 titio
899 1406 949 1448 an·

69 1487 200 1559 teponit,
223 1479 323 1544 habita
346 1491 422 1561 apud
448 1478 744 1547 Senatum'oratione
758 1489 788 1546 in
813 1490 948 1557 eundem,

69 1602 162 1659 quem
189 1602 207 1642 a
237 1587 343 1644 liberto
375 1592 539 1660 acceperat,
573 1589 699 1646 modum
755 1589 948 1646 Adnotabu'nt

70 1685 172 1757 periti,
200 1687 309 1743 nuttam
332 1687 458 1744 antehac
485 1686 671 1759 adoptionem
701 1687 779 1744 inter
808 1687 946 1760 patricios

71 1782 216 1840 Claudios
236 1784 364 1857 reperiri,
384 1774 491 1859 eosque
510 1785 547 1841 ab
570 1787 645 1841 Atto
664 1783 773 1842 clauso
791 1785 947 1841 continuos

69 1877 234 1957 duravisse.
276 1883 414 1941 Ceterum
431 1870 524 1940 ‘actas
548 1880 680 1955 Principi
706 1886 812 1956 grates,
833 1877 999 1954 quaesi-26

71 1980 149 2037 tiore
175 1981 208 2037 in
236 1982 398 2039 Domitium
418 1974 603 2038 adulatione:
632 1986 788 2054 rogataque
810 1982 869 2047 tex,
888 1996 946 2052 qua

69 2075 103 2135 r'n
116 2076 269 2157 familiam
293 2077 444 2137 Claudiam
474 2086 501 2137 ct
526 2095 626 2135 umam
648 2075 775 2135 Naana
800 2070 945 2136 munuca.

70 2159 195 2252 angetur
208 2183 238 2235 et
253 2167 416 2252 Agrippina
424 2185 621 2253 cognomento
636 2177 790 2251 Augaoetuc.
832 2176 944 2249 Quibus

70 2276 206 2349 patratis,
219 2294 305 2334 nemo
318 2279 393 2334 adeo
406 2295 511 2350 expers
535 2275 751 2333 misericordiae
773 2273 837 2341 tuit,
857 2293 944 2349 quem

69 2393 131 2433 non
155 2375 320 2433 Britannici
344 2376 474 2433 fortunae
489 2378 601 2432 moeror
621 2374 768 2431 adficeret
796 2374 942 2431 desolatus

70 2473 224 2547 paullatim
244 2474 332 2530 etiam
352 2474 507 2531 servilibus
535 2471 714 2538 ministeriis,
734 2471 943 2545 intempestiva

70 2590 221 2630 novercae
234 2572 330 2630 officia
344 2573 375 2629 in
389 2572 512 2629 ludibria
527 2573 670 2639 vertebat,
682 2571 852 2646 intettigens
866 2571 940 2629 taisi.

71 2688 167 2747 neque
192 2670 270 2727 enim
290 2687 411 2744 segnem
434 2670 462 2726 ei
486 2669 574 2727 tuisse
594 2670 723 2727 indoiem
743 2670 856 2729 ieruntt
876 2671 941 2728 sive

72 2787 184 2835 verum,
205 2787 256 2825 seu
276 2768 413 2842 periculis
439 2770 669 2837 commendatus,
696 2770 814 2828 retinuit
835 2770 941 2828 tamam

70 2868 135 2925 sine
160 2868 369 2943 experimento.
413 2869 472 2924 Sed
502 2867 674 2941 Agrippina,
701 2885 758 2941 quo
779 2869 839 2926 vim
858 2874 994 2936 suam2?

69 2944 159 3024 sociis
193 2983 305 3041 quoque
340 2967 505 3025 nationibus
537 2969 707 3030 ostentaret,
741 2965 772 3022 in
802 2964 940 3038 oppidum

70 3063 224 3131 Vbiorum,
245 3064 276 3122 in
295 3083 352 3138 quo
371 3066 473 3140 genita
501 3069 573 3131 erat,
594 3068 750 3118 veteranus
782 3062 940 3119 coloniam-

23 3193 31 3205 ·
70 3181 126 3238 que
146 3163 252 3219 deduci
273 3163 417 3236 inpetrat3
448 3162 498 3221 cui
519 3180 624 3220 nomen
650 3158 774 3216 inditum
794 3176 833 3215 ex
855 3176 939 3215 roca·

66 3262 139 3318 buio
173 3260 272 3333 ipsius.
316 3263 363 3319 Ac
394 3254 474 3319 forte⁴
496 3261 655 3325 occiderat,
676 3262 706 3314 ut
726 3274 791 3314 eam
810 3263 939 3330 gentem,

71 3358 178 3417 Rheno
199 3366 413 3433 transgressam,
434 3374 507 3416 avus
529 3358 660 3432 Agrippa
677 3356 708 3412 in
723 3355 810 3412 fidem
825 3354 938 3428 accipe-

69 3464 121 3516 ret.
164 3458 274 3515 iisdem
295 3460 471 3533 temporibus
492 3459 521 3516 iu
541 3457 689 3529 superiore
710 3453 869 3535 Germania
884 3460 939 3512 tre·

70 3556 199 3632 pietatum
220 3557 351 3617 adventu
384 3559 545 3628 cattorum,
574 3554 728 3614 iatrocinia
755 3551 938 3629 agitantium.
