2459 4267
79 361 213 413 acac
312 360 383 407 mn.
401 359 449 409 vr.
500 340 768 410 canti-dd.
878 339 951 410 2d'l

81 512 165 573 once
183 513 402 592 praepollmw
424 522 511 592 atque
534 515 653 575 interim
673 516 847 592 (lteaipbon
870 516 954 574 aeder

77 614 211 688 imperii,
244 616 344 687 petita.
366 617 428 685 aed,
449 617 500 675 ubi
527 618 606 676 diem
620 636 659 676 ex
685 618 734 676 die
761 617 954 691 prolatabanl,

76 715 183 772 multia
209 731 308 773 coram
329 722 360 773 et
375 716 611 790 adprobantibus,
637 719 760 784 Surena,
773 715 869 790 patrio
895 731 954 771 mo·

73 831 120 880 re,
142 813 298 872 Tiridaten
313 816 422 891 insigni
442 817 539 892 Regio
559 817 688 876 evinxit.
729 817 788 883 Ac,
816 813 842 871 ai
855 812 954 888 atatim
967 810 1010 870 43

77 913 224 971 interiora
250 920 423 991 ceteraeque
448 916 583 974 nationes
621 915 786 990 petiuiaaea
817 928 958 988 oppressa

74 1014 285 1071 cunctantium
299 1016 452 1085 dubitatio,
472 1022 503 1074 et
518 1035 621 1075 omnen
635 1018 666 1076 in
690 1034 779 1075 unum
792 1014 952 1074 cedebant:

77 1113 246 1172 adsidendo
265 1119 430 1184 metellum,
443 1117 475 1175 in
500 1120 578 1193 quod
604 1119 761 1192 pecuniam
781 1123 811 1174 et
823 1115 956 1191 ,pellicea

76 1215 249 1274 Artabanne
263 1218 436 1284 contulerat,
463 1218 547 1275 dedit
561 1217 688 1290 epatium
714 1217 844 1274 exeundi
859 1222 955 1290 pacta.

78 1316 162 1373 Nam
184 1316 344 1373 Pbrahatea
363 1324 394 1373 et
408 1317 510 1384 Hiero,
524 1319 566 1381 et,
580 1317 606 1373 ai
623 1316 672 1391 qui
686 1316 737 1374 alii
749 1317 895 1374 delectum
909 1333 957 1373 ca·

80 1415 195 1489 piendo
213 1416 373 1473 diademati
398 1417 478 1474 diem
496 1417 574 1474 haud
587 1417 876 1481 concelebraverant,
891 1433 956 1488 para

81 1521 175 1579 metu,
188 1514 305 1590 quidam
319 1515 434 1573 invidia
460 1515 491 1572 in
521 1515 708 1590 Abdageeen,
730 1514 779 1591 qui
807 1520 868 1571 tum
889 1516 957 1571 aula

81 1615 115 1672 'et
143 1630 225 1671 novo
251 1613 333 1687 Rege
361 1615 534 1688 potiebatur,
554 1617 591 1672 ad
620 1616 803 1674 Artabanum
831 1618 956 1670 vertero.

83 1714 174 1788 laque
197 1713 229 1770 in
256 1714 404 1787 Hyrcania
418 1720 547 1796 repertus
574 1719 629 1783 eal,
650 1714 763 1772 inluvie
777 1715 900 1781 obaitua,
925 1718 957 1770 et

79 1813 223 1870 alimenta
250 1829 319 1871 arcu
341 1814 513 1887 expediens.
546 1832 582 1873 ac
608 1814 710 1887 primo,
735 1819 882 1888 tamquam
908 1814 957 1870 do·

83 1914 129 1971 lua
158 1917 315 1984 pararetur,
331 1912 542 1983 alerritua3⁴ubi
568 1915 638 1971 data
664 1914 746 1981 idea,
772 1912 957 1970 ‘reddendae

85 2010 301 2069 ‘dominationi
322 2011 460 2079 venisse?
479 2015 634 2070 adlevatur
652 2012 790 2079 animum,
804 2016 844 2079 at,
867 2017 958 2085 ‘quae

84 2116 93 2144 ⁸
107 2099 267 2186 repentina
281 2109 435 2170 mutatioi’
454 2112 591 2187 exquirit.
634 2111 713 2169 'Pam
728 2111 820 2169 Hiero
844 2117 852 2144 ‘
867 2110 959 2184 puert-

85 2211 176 2268 ‘tiam
197 2210 350 2269 Tiridalia'
370 2212 524 2286 increpal;
546 2219 761 2287 ‘nequepenea
782 2209 957 2270 Areacidem

85 2315 93 2345 ‘
105 2308 268 2384 imperium,
282 2313 334 2368 aed
347 2312 436 2369 inane
458 2328 565 2368 nomen
579 2312 657 2384 apud
680 2310 820 2368 inbellem
835 2315 958 2370 externa

85 2408 242 2478 ‘mollitia
267 2409 329 2468 vim
349 2410 381 2468 in
405 2410 571 2485 Abdageaia
598 2411 706 2468 domo!
749 2410 849 2469 Sensit
873 2416 1010 2479 vetrana

84 2509 237 2582 regnandi,
250 2510 338 2567 taleae
351 2511 383 2568 in
396 2527 503 2580 amore,
516 2510 585 2567 odia
598 2528 658 2569 non
672 2512 792 2586 lingere.
812 2528 869 2570 nec
883 2513 959 2569 ultra

85 2613 223 2677 moratus,
250 2627 336 2685 qnam
363 2610 432 2667 dnm
469 2610 646 2684 Scytharum
677 2611 789 2670 auxilia
816 2611 958 2682 conciret,

86 2708 182 2783 pergit
209 2725 355 2783 properus,
382 2714 425 2776 etx
439 2710 636 2782 praevenient
656 2708 841 2770 inimicorum
869 2718 958 2781 aetna,

86 2810 247 2867 amicorum
275 2807 506 2882 poenitentiam:
529 2810 623 2886 neque
644 2817 766 2871 exuerat
792 2814 958 2886 paedorem,

86 2916 117 2967 ut
142 2911 263 2983 vulgum
289 2906 475 2965 miseratione
502 2909 677 2968 adverteret.
698 2929 757 2969 non
785 2912 870 2979 iruna,
897 2928 956 2970 non

87 3027 199 3084 preces,
211 3006 284 3066 nibil
299 3010 445 3076 omissum,
458 3028 515 3084 qno
527 3011 677 3084 ambiguos
691 3010 835 3077 inliceret,
847 3028 958 3084 prorup-

3 3179 4 3190 2
90 3109 111 3166 li
131 3109 321 3195 firmarentur.
363 3108 482 3207 iaqnqne
506 3112 597 3167 multa
618 3126 704 3167 manu
726 3108 886 3183 propinqua
907 3110 958 3167 Se·

88 3208 203 3266 lenciae
218 3209 419 3280 adventabat;
439 3227 506 3268 cum
530 3209 691 3274 Tiridates,
717 3206 803 3265 aimul
818 3208 904 3276 lama,
918 3214 959 3266 at·
1021 3208 1024 3213 “

88 3307 219 3383 qneipao
238 3310 390 3367 Artabano
414 3311 572 3383 perculsus,
595 3306 718 3366 distrahi
741 3306 883 3375 consillia,
904 3307 960 3366 iret

87 3414 200 3474 contra,
231 3424 269 3465 an
295 3410 403 3467 bellum
427 3409 617 3468 cunctatione
643 3410 789 3466 tractaret.
847 3406 959 3478 Quibus

88 3508 229 3578 proelium
243 3513 274 3565 et
300 3509 431 3567 teatinati
451 3527 535 3569 casua
563 3510 729 3585 placebant,
749 3507 908 3566 ‘disiectos
929 3514 959 3568 el

90 3604 321 3685 ‘longinquitate
340 3608 454 3670 itineris
475 3612 574 3680 tessus,
594 3630 634 3671 ne
659 3613 759 3673 animo
776 3610 897 3689 quidem
915 3629 960 3671 aa·
