2459 4267
223 340 260 379 n
547 319 770 376 rosunum.

223 479 419 565 temporibus
445 447 648 554 rarissimum,
678 478 798 540 animus
828 495 932 561 neque
958 476 1101 542 tiburtati

223 585 375 663 infensus,
399 606 501 668 neque
524 585 677 647 adversus
700 584 896 646 dominantes
914 596 1097 647 contumax.

268 692 407 755 Primum
429 691 591 754 scribendi
619 698 834 772 argumentum
861 689 995 774 sumpsit
1017 698 1099 752 tem·

224 818 335 884 porum
352 818 478 860 suorum
497 796 680 871 Historias,¹
696 815 808 878 quasa
825 795 963 858 Neronis
977 795 1039 858 fine
1057 795 1100 858 ad

216 902 397 992 ‚Domitiani
414 923 522 966 necem
539 903 686 964 facillima
701 910 733 963 et
756 902 913 964 uberrima
928 921 1010 964 vena
1023 921 1099 987 pro·

226 1019 355 1072 secutus
382 1018 443 1085 eat,
474 1010 552 1071 recti
583 1009 714 1091 verique
747 1009 910 1092 pervicax,
941 1010 1009 1072 sine
1035 1009 1101 1071 uita

226 1114 405 1178 assentandi
421 1123 473 1178 ant
486 1115 669 1177 criminandi
685 1113 826 1177 iibidine.
873 1114 951 1177 Pars
968 1115 1100 1197 quidem

226 1220 332 1305 operis
348 1221 481 1284 maxima
503 1221 617 1307 periit:
644 1207 772 1282 manent
791 1229 894 1283 tamen
911 1221 1007 1295 initia,
1025 1221 1099 1305 quis

226 1347 287 1392 uon
300 1328 393 1390 modo
404 1346 557 1412 expressa
573 1346 667 1389 avara
676 1334 708 1388 et
724 1346 843 1412 anceps
855 1324 977 1389 Galbae
987 1346 1101 1390 senec·

179 1466 182 1473 ·
225 1441 288 1506 tus,
310 1452 465 1518 praeceps
490 1431 627 1496 Othonis
653 1432 792 1507 ambitio,
818 1432 924 1513 segnis
947 1440 979 1495 et
1001 1434 1100 1496 foeda

227 1539 352 1602 Vitellii
368 1537 532 1620 ingluvies,
556 1538 614 1600 sed
631 1546 663 1600 et
678 1538 830 1601 beliorum
846 1538 984 1602 civilium
1001 1548 1099 1616 artes,

226 1645 430 1728 fraudesque,
453 1652 485 1707 et
505 1645 638 1720 scelera,
659 1643 777 1726 majore
800 1652 867 1707 arte
887 1644 1043 1707 incertum
1059 1666 1100 1710 an

176 1785 181 1794 ·
226 1749 1099 1837 prudentia,adtotiusaevidocumentumdeteguntur.

187 1909 189 1913 .
227 1855 359 1920 Utinam
376 1839 466 1920 nobis
482 1876 542 1919 non
558 1856 725 1918 invidisset
744 1865 868 1941 tempos
885 1865 1004 1942 partem
1022 1860 1100 1922 alte·

227 1981 304 2037 ram,
320 1983 400 2045 quae
416 1962 579 2047 providam
596 1961 958 2046 Vespasianimentem,
969 1964 1099 2042 breves,

116 2143 120 2160 .
227 2086 329 2151 coque
346 2068 495 2142 cariores,
519 2067 588 2130 Titi
604 2070 750 2142 virtutes,
767 2060 967 2153 explicabat!
1001 2070 1098 2135 Haec

227 2174 354 2258 quidem
381 2173 510 2238 Flaviae
533 2173 645 2236 domus
669 2173 785 2235 decora
808 2163 990 2259 excepisset
1006 2183 1101 2241 atrox

227 2282 402 2345 Domitiani
417 2280 567 2364 nequitia.
604 2279 672 2354 At,
689 2280 739 2341 vei
756 2278 835 2343 inter
850 2281 965 2342 acerba
978 2281 1101 2345 Princi-

227 2387 278 2472 pis
298 2386 424 2466 flagitia,
447 2405 571 2467 qnae,a
593 2384 779 2465 gravissimo
801 2386 958 2470 scriptore
982 2397 1101 2451 memo·

226 2500 302 2565 rata,
329 2489 463 2552 fuissent
492 2511 670 2572 magnarum
697 2491 918 2576 cogitationum
949 2493 1099 2574 fecunda,

222 2597 369 2683 jurasset
399 2596 514 2673 adhuc,
546 2597 633 2679 quod
666 2598 841 2659 summatim
871 2598 959 2661 initio
987 2603 1098 2685 operis

226 2703 297 2787 ipse
312 2702 448 2765 Tacitus
472 2702 635 2787 prodidit,²
649 2704 751 2788 ampla
773 2705 922 2767 virtutum
939 2709 1099 2792 exempla,

226 2827 390 2892 supremas
407 2808 559 2870 clarorum
583 2809 721 2871 virorum
745 2810 963 2886 necessitates,
982 2813 1100 2898 ipsam-

226 2934 288 2997 que
312 2913 531 2977 necessitatem
555 2914 678 2977 fortiter
704 2917 863 2977 toleratam
887 2938 1096 2999 cognoscere.

225 3020 405 3103 Numquam
417 3020 498 3082 enim
515 3020 680 3083 illustriora
692 3030 764 3083 sunt
774 3022 899 3084 virtutis
913 3025 1098 3101 certamina,

225 3149 318 3213 quam
334 3147 405 3191 cum
423 3125 531 3189 durius
555 3127 726 3211 premitur3
749 3136 792 3202 et,
809 3135 843 3188 ut
859 3127 941 3191 inter
957 3140 1097 3215 tempes-

224 3240 321 3297 tatum
347 3232 472 3296 horrida
495 3232 633 3294 acriores
656 3234 792 3296 emicant
818 3234 918 3314 ignes,
942 3236 989 3298 sic
1013 3238 1097 3301 inter
1174 3281 1178 3288 -

225 3346 401 3423 temporum
414 3339 479 3402 iera
491 3338 629 3401 vividior
642 3338 812 3423 puriorque
825 3341 967 3422 exsurgit
980 3343 1094 3406 virtus.

254 3508 263 3539 ¹
276 3503 350 3554 Tacit.
361 3505 422 3554 Hist.
434 3508 453 3565 i,
463 3511 482 3555 i.
500 3508 581 3556 Anusi.
593 3509 635 3567 XI,
648 3512 679 3556 11.
829 3507 926 3555 ²Taeit.
938 3508 999 3559 Hist.
1013 3514 1031 3572 Ι,
1041 3518 1063 3561 3.
