2459 4267
267 294 315 364 64
360 385 371 400 .
582 313 769 362 snnasrvm
1000 310 1031 357 a.
1046 281 1142 357 v.-res'.

265 471 412 530 ‘Senator
430 468 581 539 introiret3
604 486 643 527 ue
657 464 834 543 egredientis
848 463 879 522 io
900 463 1054 539 publiesm
1066 459 1145 536 equd-
1217 439 1218 508 i

265 575 331 627 ‘tes
356 564 483 628 Romani
504 568 676 643 ningerenl3
701 571 752 625 aut
773 564 845 623 olibi
865 579 951 639 quam
975 563 1009 620 in
1030 563 1145 619 lbeslro
1217 543 1218 572 ³

264 675 511 743 ‘spectarentur3
537 673 569 726 et
581 665 777 741 speetantium
797 662 1015 723 immodestiam
1039 657 1145 717 exsilio

212 765 428 827 immutandi
448 774 577 841 potestas
593 764 776 825 Praetoribus
790 761 892 822 fieret'
932 762 1095 833 Templum
1113 760 1145 813 ut

262 868 426 928 ineolonla
445 866 664 926 'l'arraoooeusi
685 868 842 923 strueretur
853 863 998 936 Augusto,
1020 856 1143 933 pelenti·

265 970 319 1026 bus
335 966 476 1040 Hispanis
501 965 691 1039 permissum
718 965 877 1040 datumque
896 961 928 1019 in
952 976 1059 1017 omnes
1082 973 1145 1030 pro·

265 1067 566 1140 vineiasexemplum.
591 1064 792 1124 Centesimum
802 1062 1140 1131 rerumveuslium‚post

265 1168 342 1223 bella
364 1163 468 1223 civilia
488 1164 663 1233 institutam,
690 1165 868 1238 deprecante
900 1165 1020 1236 populo,
1050 1158 1142 1216 edixit

266 1263 413 1331 tiberius,
437 1263 582 1321 ‘militare
606 1262 750 1321 aerarium
763 1279 800 1319 eo
812 1260 941 1319 subsidio
964 1260 1040 1318 niti:
1056 1257 1139 1315 simul

265 1362 424 1435 ‘imparem
446 1361 529 1420 oneri
543 1361 771 1435 rempublicam,
790 1360 848 1418 nisi
862 1360 1006 1418 vicesimo
1020 1355 1141 1416 militiae

264 1469 363 1519 ‘anno
378 1459 511 1518 veterani
530 1458 765 1518 dimitterentur-⁹
785 1459 827 1518 its
847 1443 999 1533 proximae
1024 1453 1138 1513 seditio·

219 1615 221 1622 ,
264 1560 311 1618 nis
344 1562 421 1617 male
448 1560 592 1626 consulta,
625 1558 730 1633 quibus
762 1557 892 1616 sedecim
926 1554 1138 1631 stipendiorum
1217 1577 1218 1588 κ

263 1656 748 1731 finemexpresseranl,abolitaio
763 1661 918 1730 posterum.
1217 1637 1218 1726 l

213 1765 254 1825 79
305 1758 415 1816 Actum
437 1756 544 1815 deiude
565 1756 597 1815 in
623 1756 795 1814 sarstono
818 1755 960 1814 Arruntio
983 1758 1015 1812 et
1040 1748 1138 1814 Arrio,
1217 1733 1218 1758 ¹

264 1873 302 1913 ao
316 1857 355 1913 ob
368 1856 560 1914 moderandas
582 1854 703 1913 Tiberis
726 1852 941 1912 exundationes
957 1853 1136 1911 verterentur

265 1955 385 2013 domina
397 1961 427 2012 et
442 1957 532 2022 loeus,
557 1971 608 2027 per
627 1970 699 2028 quos
721 1951 862 2028 augessit
882 1952 1059 2027 auditaeque
1079 1962 1135 2004 mo·
1217 1943 1218 1980 l

264 2053 440 2129 nieipiornm
453 2059 485 2111 et
497 2052 680 2126 coloniarum
700 2051 882 2127 legationes:
901 2051 1051 2110 omatibus
1072 2045 1136 2105 ulo

265 2153 399 2221 reatinis,
412 2157 470 2211 ‘ne
483 2151 595 2220 Clanis,
607 2151 695 2209 solito
708 2152 797 2209 alveo
809 2152 952 2218 demotos,
975 2149 1134 2209 ioannem

265 2253 399 2310 ‘Arnum
425 2250 635 2319 transferretur,
656 2249 743 2325 idque
765 2249 837 2324 ipsis
864 2249 1027 2324 pernieiem
1047 2245 1134 2304 adter-

265 2349 348 2407 ‘ret’
398 2350 599 2425 Congruentia
631 2349 677 2407 bls
705 2350 919 2407 Interamnates
952 2350 1132 2407 disseruere:

264 2453 399 2522 ‘pessum
412 2449 502 2507 ituros
521 2448 742 2507 leeundlssimos
762 2447 868 2506 ltaliae
888 2464 1019 2523 eamme,
1040 2447 1065 2505 si
1078 2458 1132 2501 am·

264 2531 330 2604 ‘nis
341 2549 370 2605 N
372 2546 412 2605 ar’
426 2545 470 2623 (id
484 2549 564 2606 enim
578 2544 745 2625 parabatur)
758 2550 809 2607 ‘io
832 2548 911 2608 rivos
933 2548 1078 2614 diduetus,
1090 2559 1132 2600 su·

264 2644 552 2719 ‘perslagnavisset'
601 2647 669 2705 Neo
697 2648 818 2707 Reatini
831 2647 968 2716 silebant,
992 2647 1131 2706 Velinum
1217 2677 1218 2718 ᾗ

264 2747 439 2819 lacumque
453 2744 485 2803 io
506 2746 616 2803 Narem
637 2746 803 2816 effunditur,
824 2746 934 2805 obstrui
947 2748 1130 2806 recusantem
1217 2765 1218 2832 ἕ

264 2843 388 2919 ‘quippe
420 2844 453 2901 in
486 2844 654 2904 adiacentia
686 2851 869 2923 erupturum:
898 2851 1017 2922 optume
1052 2843 1131 2903 rebat
1217 2837 1218 2928 }

263 2943 446 3004 ‘mortalium
469 2945 650 3003 consuluisse
673 2951 815 3014 naturam,
839 2962 913 3021 quae
935 2962 988 3004 sua
1013 2961 1064 3004 ora
1083 2940 1130 2998 dt·
1217 2939 1218 3004 l

254 3042 418 3113 ‘minibus
438 3061 505 3102 suos
518 3043 628 3114 odram,
649 3048 738 3121 utque
758 3045 911 3120 originem,
924 3044 967 3104 ita
991 3045 1062 3103 fines
1084 3040 1129 3096 de·
1217 3025 1218 3034 ἶ

263 3142 374 3202 ‘deritz
406 3144 582 3218 spectandas
609 3143 699 3201 etiam
726 3143 882 3218 religiones
909 3143 1061 3210 sociorum,
1083 3133 1128 3212 qui
1217 3163 1218 3170 ¹

263 3249 366 3302 ‘saera
378 3245 409 3300 et
428 3243 509 3301 luoos
532 3245 564 3300 et
586 3258 652 3300 aras
674 3241 775 3316 patriis
798 3243 932 3301 amnibus
956 3237 1127 3301 dicaverint·

262 3341 353 3417 ‘quin
376 3342 470 3415 ipsum
494 3340 630 3399 Tiberim
650 3342 740 3410 nolle,
764 3358 878 3415 prorsus
902 3341 1013 3400 auoolis
1035 3333 1126 3400 fluviis

263 3440 423 3505 ‘orbatum
444 3440 555 3498 minore
578 3441 671 3514 gloria
697 3435 806 3498 fluere.'
846 3442 907 3499 Seu
930 3458 1033 3515 preoes
1055 3436 1127 3496 eolo
1217 3431 1218 3440 ’

263 3534 385 3603 uiarum,
399 3554 450 3593 seu
463 3537 618 3597 difficultas
631 3556 759 3615 operum,
772 3539 838 3599 sive
851 3541 1018 3616 superstitio
1032 3532 1126 3598 valuit
1217 3545 1218 3586 l
